4225 5450
909 619 1053 685 404
1151 653 1160 662 ·

910 786 1006 867 C.
1181 794 1372 862 IMP.
1427 791 1774 861 NERVA.
1863 790 2108 858 CAES.
2198 790 2408 858 AVG.

2208 587 2681 673 NERVA„

2493 787 2832 860 insertam.
2933 794 3023 858 At
3069 791 3211 858 dixi
3244 791 3441 880 supra
3486 843 3510 878 ,
3563 814 3703 860 non
3748 796 3913 863 ratis
3940 821 4008 865 u-

1196 892 1470 957 PONT.
1555 891 1783 958 Max.
1832 891 1981 957 TR.
2068 891 2142 952 Ρ.
2216 889 2420 974 Caput
2492 889 2646 954 nius
2676 890 2972 955 Victoris
2996 888 3372 954 testimonio
3407 888 3719 955 Cretense
3742 893 4013 959 Nervae

1195 989 1543 1092 laureatum
1568 1033 1590 1066 ,
1637 990 1703 1116 in
1740 986 1809 1054 A
1817 985 1891 1075 1(
1887 1034 1900 1050 .
1940 995 2003 1051 et
2047 984 2202 1060 AR.

1198 1143 1292 1248 'Vt
1328 1179 1422 1245 ιιι.
1461 1133 1566 1245 ’.4.
1816 1130 1848 1174 ‘

807 1297 812 1304 ·
902 1273 1463 1346 CONCORDIA.
1544 1270 2169 1338 EXERCITVVM.
2231 1268 2415 1338 Duae

898 1373 1201 1442 dexterae
1219 1373 1478 1459 junctae
1493 1373 1698 1458 juxta
1751 1369 2025 1455 aquilam
2076 1367 2411 1453 legionari-

898 1490 1004 1538 am
1039 1489 1281 1555 prorae
1316 1471 1502 1536 navis
1533 1467 1814 1556 iffixam.
1856 1465 2000 1530 AV.
2038 1465 2182 1529 AR.
2209 1473 2270 1530 et
2293 1462 2412 1530 ad-

894 1564 1027 1630 aito
1063 1565 1133 1628 S.
1166 1563 1242 1628 C.
1277 1566 1345 1629 in
1388 1564 1532 1628 ΑΕ.
1572 1567 1621 1628 1.
1677 1559 1884 1646 (Mus.
1924 1557 2143 1641 Caes.)

995 1659 1259 1722 Iudicat
1283 1671 1487 1743 typus
1517 1654 1793 1720 aversae
1836 1654 2274 1719 concordiam
2318 1653 2410 1717 le·

894 1754 1170 1840 gionum
1206 1765 1349 1816 tam
1381 1748 1783 1836 terrestrium
1805 1797 1825 1828 ,
1899 1770 2104 1835 quam
2188 1749 2408 1814 classi·

895 1867 1150 1915 carum.

1195 1942 1289 2009 Vt
1324 1943 1416 2010 tit.
1451 1943 1522 2010 A
1553 1951 1615 2009 et
1658 1942 1742 2008 B.

892 2036 1323 2110 CONGIAR.
1367 2039 1504 2102 PR.
1550 2038 1621 2105 S.
1681 2037 1759 2105 C.
1796 2037 2161 2122 Imperator
2217 2048 2406 2124 toga·

889 2147 996 2214 1¹⁴5
1025 2139 1097 2202 iu
1125 2135 1419 2221 suggssu
1448 2136 1750 2225 confidens
1773 2133 2074 2222 adsidente
2089 2138 2294 2221 juxta
2325 2156 2404 2201 a-

887 2232 976 2297 ϋα
990 2234 1222 2317 figura
1265 2241 1531 2316 togata,
1605 2231 1806 2320 afflat
1854 2232 2084 2319 figura
2137 2229 2408 2320 tefferana

869 2321 1138 2408 'tenen-n
1204 2336 1267 2392 et
1328 2329 1459 2393 alia
1513 2347 1634 2413 per
1689 2326 1947 2412 gradus
1997 2327 2403 2415 adsentiens,

880 2443 1045 2511 poue
1085 2422 1633 2512 Palladisfignuu.
1686 2423 1826 2489 ΛΕ.
1854 2426 1903 2487 1.
1956 2423 2158 2499 (Mus.
2182 2421 2404 2501 Caes.)

985 2519 1246 2586 Numus
1280 2519 1392 2585 hic
1442 2520 1600 2584 satis
1647 2517 1735 2583 est
1784 2519 2131 2603 cognitus,
2186 2529 2259 2582 at
2303 2518 2401 2581 su·

2495 1005 2702 1069 genus
2750 986 3138 1071 probatum.
3242 982 3553 1050 Ceterum
3582 985 3813 1051 similis
3850 991 4011 1054 Dia·

2493 1098 2624 1144 nae
2661 1093 2867 1166 typus
2897 1078 3213 1163 frequens
3247 1078 3336 1142 est
3378 1081 3445 1142 in
3472 1084 3693 1145 numis
3716 1084 4008 1169 Augusti,

2494 1195 2696 1260 quem
2736 1176 2837 1242 ibi
2868 1176 2960 1240 ad
3008 1174 3309 1270 Siciliam
3360 1173 3794 1242 referendum
3843 1182 4009 1243 dixi·

2495 1290 2665 1335 mus.

2790 1366 2884 1434 Vt
2914 1365 3005 1431 tit.
3055 1367 3146 1431 A.

2488 1461 2741 1528 FISCI.
2778 1459 3151 1527 IVDAICI.
3219 1459 3728 1530 CALVMNIA.
3814 1465 4011 1536 SVB-

2488 1559 2762 1630 LATA.
2826 1558 2892 1623 S.
2950 1556 3028 1625 C.
3111 1557 3356 1625 Pau-a.
3460 1559 3607 1623 ΛΕ.
3674 1566 3735 1626 1.
3804 1562 4008 1649 (Mun

2492 1654 2722 1736 Caes.)

2587 1751 2751 1814 Inde
2806 1769 2849 1812 a
2894 1747 3131 1834 primis
3194 1751 3607 1837 reipublicae
3670 1748 4002 1816 Iudaicae

2486 1844 2908 1931 temporibus
2950 1844 3183 1907 Iudaei
3239 1847 3592 1911 dimidium
3631 1844 3819 1924 licii,
3906 1847 4007 1911 seu

2486 1943 2660 2005 duas
2694 1941 3056 2006 drachmas
3099 1939 3171 2001 in
3200 1941 3380 2004 usum
3428 1943 3665 2005 altaris
3710 1944 4007 2025 pendere

2478 2038 2935 2124 Jubebantur,
2989 2046 3061 2098 ut
3092 2033 3312 2120 legere
3359 2034 3448 2100 est
3490 2040 3557 2100 in
3592 2036 3778 2100 libro
3826 2038 4003 2101 Exo-

2487 2134 2578 2199 di.
2596 2121 2665 2215 ¹²)
2716 2133 2819 2197 Ea
2852 2132 3141 2217 pecunia
3162 2129 3439 2196 subinde
3473 2135 3542 2197 in
3564 2132 3814 2217 templi
3842 2133 4007 2197 sum-

2484 2223 2638 2318 'ptus
2673 2229 2906 2306 cessit,
2948 2226 3214 2290 collata
3268 2247 3407 2291 non
3454 2227 3664 2294 modo
3706 2228 3804 2292 ab
3844 2229 4000 2310 his,

2486 2327 2602 2412 qui
2650 2325 2973 2389 Iudaeam
3019 2321 3404 2400 incoluere,
3466 2324 3576 2388 sed
3617 2336 3688 2387 et
3738 2325 3835 2387 ab
3888 2323 4004 2404 iis.

2483 2422 2599 2508 qui
2642 2421 2709 2484 in
2753 2435 3152 2506 quacunque
3184 2418 3371 2481 orbis
3410 2433 3608 2508 parte
3636 2419 4008 2485 versaban-

2473 2531 2633 2596 tur,
2684 2516 3010 2581 Romanis
3045 2515 3387 2598 privatum
3446 2512 3611 2579 istud
3663 2515 4001 2580 tributum

885 2611 1112 2700 specta
1156 2615 1324 2679 mihi
1364 2615 1568 2678 lectio
1613 2613 1796 2677 numi
1856 2615 2131 2688 alterius
2177 2626 2403 2678 cetera
2472 2616 2616 2696 jam
2655 2611 3076 2688 vetantibus,
3129 2612 3315 2691 cujus
3372 2609 3571 2695 supra
3644 2611 3721 2673 in
3780 2615 4002 2676 nuruis

886 2709 1246 2793 simillimi,
1298 2730 1494 2793 quem
1559 2710 1773 2774 edidit
1828 2708 2148 2787 Patinus,
2204 2705 2265 2789 ⁸)
2330 2711 2400 2773 in

888 2825 1025 2888 quo
1059 2807 1118 2867 is
1155 2806 1347 2889 legit.
1399 2803 1832 2867 CONGIAR.
1855 2802 1984 2881 11,
2035 2805 2402 2889 praecipue

887 2899 931 2962 fi
972 2918 1134 2984 pars
1171 2896 1456 2962 adversa
1496 2897 1909 2961 consulatum
1955 2898 2044 2961 11.
2081 2898 2398 2965 inscribit.

795 3022 804 3027 ·
851 2993 1259 3067 „Verisimile
1291 3011 1423 3057 non
1463 2991 1552 3056 est
1577 3042 1602 3072 ,
1655 2992 1957 3057 Nervam
1997 2993 2215 3056 virum
2259 3014 2398 3057 mo·

887 3090 1259 3171 derationis
1298 3091 1612 3174 cognitae
1647 3090 1825 3151 intra
1857 3099 1992 3151 tres
2024 3088 2278 3151 menses
2298 3089 2400 3153 bis

889 3182 1275 3249 distribuisse
1321 3185 1784 3270 congiarium,
1869 3204 2044 3267 quae
2106 3184 2397 3247 liberali·

883 3290 992 3345 tas
1044 3299 1206 3351 caro
1249 3276 1435 3344 stetit.
1535 3281 1820 3344 Videtur
1865 3299 1993 3366 pro
2055 3279 2195 3342 PR.
2250 3298 2397 3364 pet-

880 3396 1117 3463 peram
1149 3374 1213 3438 le
1261 3374 1373 3443 iss‘e
1431 3373 1517 3439 11.

1251 3479 1278 3534 t
1318 3468 1414 3533 tit.
1463 3468 1528 3535 C.

889 3564 1080 3632 COS.
1122 3561 1696 3629 11.DE81G.111.
1741 3564 1817 3628 Ρ.
1861 3566 1935 3630 P.
1989 3564 2400 3632 Dianavena-

883 3664 1025 3733 trix
1053 3659 1364 3747 gradiens·
1400 3660 1463 3727 d.
1469 3659 1785 3746 sagittam
1813 3680 1897 3726 ex
1905 3659 2217 3746 pharetra
2237 3682 2400 3747 pre-

753 3778 756 3781 ·
880 3758 1000 3823 mit
1040 3759 1255 3827 comite
1288 3775 1454 3823 cane.
1511 3757 1651 3820 AR.

981 3852 1314 3917 Observat
1346 3849 1797 3929 VaillantiuS,
1878 3849 2056 3917 hunc
2125 3854 2402 3917 aversae

882 3962 1126 4035 typum
1164 3948 1235 4011 in
1298 3957 1576 4019 moneta
1644 3948 1960 4013 Romana
2009 3947 2400 4033 insolentem

885 4045 1034 4113 effe.
1136 4041 1371 4108 Censet
1403 4043 1645 4131 igitur,
1710 4063 1864 4109 cum
1923 4043 2228 4108 Nervam
2314 4065 2400 4108 ex

879 4139 1087 4209 Creta
1135 4140 1494 4205 oriundum
1541 4140 1726 4205 dicat
1785 4140 2066 4219 Victor,
2166 4140 2401 4205 Diana

879 4248 1108 4301 autem
1153 4234 1462 4322 singulari
1497 4234 1568 4298 -in
1617 4234 1748 4299 hac
1791 4235 2009 4299 insula
2074 4235 2397 4321 religione

880 4332 1248 4409 coleretur,
1302 4343 1667 4417 propterea
1701 4349 1861 4394 eam
1917 4329 2074 4394 huic
2115 4332 2395 4395 denario

944 4567 1658 4639 ayThe⁸.nu,.mp1.54
1834 4564 2388 4636 b).xxx1.21.3

874 4635 1442 4707 tiqffivalmcc
1625 4633 1877 4701 ·e)Exe
1917 4635 2239 4707 legat-¹14.

2479 2707 2861 2795 Vespasiani
2906 2728 2975 2792 p.
3009 2726 3150 2790 327
3214 2705 3522 2791 exempla
3581 2706 3782 2783 dedi,
3869 2713 4002 2791 jam

2483 2806 2705 2870 edicto
2748 2802 3337 2888 permittentibus,
3392 2804 3575 2883 cujus
3619 2806 3899 2887 generis
3938 2826 4002 2869 n·

2479 2921 2641 2964 num
2671 2901 2945 2962 nomine
2987 2895 3255 2982 Augusti
3286 2896 3631 2982 vulgatum
3668 2900 3999 2984 proposu-

2479 2997 2532 3060 it
2562 2995 2758 3059 Philo
2797 2993 3088 3063 Iudaeus
3119 3039 3139 3069 ‚
3188 2997 3370 3067 ‘lat
3408 2992 3606 3077 plura
3642 2993 3789 3057 alia
3828 2996 4000 3059 Iose-

2444 3090 2677 3176 'phus.
2730 3082 2795 3174 ὃ)
2848 3089 3036 3152 Idem
3070 3085 3267 3150 Philo
3312 3100 3760 3173 coi-rogatam
3822 3091 4000 3155 hanc

2477 3186 2851 3273 pecuniam
2883 3183 3245 3268 aliquoties
3281 3202 3403 3266 per
3439 3202 3589 3246 eum
3624 3192 3995 3250 tractatum

2478 3293 2687 3344 vocat
2715 3274 3047 3362 ἁπαρχας,
3091 3279 3440 3363 primitias,
3476 3299 3653 3389 ergo
3690 3280 3818 3345 illa
3844 3302 3992 3346 ean-

2475 3377 2631 3440 dem
2664 3374 2905 3438 habuit
2946 3386 3256 3438 naturam
3294 3375 3445 3437 c'um
3469 3364 3553 3438 iis
3574 3395 3736 3438 mun
3820 3376 3992 3455 ·,bus

2474 3491 2656 3558 quae
2687 3470 2851 3534 olim
2886 3470 3201 3534 coloniae
3220 3470 3719 3554 metropolibus
3740 3396 3993 3537 geul-

2475 3580 2623 3631 tum
2691 3568 3064 3654 patriorum
3115 3564 3397 3629 deorum
3465 3564 3735 3651 lingulis
3800 3569 3995 3632 annis

2477 3665 2743 3727 mittere
2781 3660 3214 3738 consuevere,
3266 3680 3403 3746 quo
3458 3664 3670 3726 modo
3716 3664 3989 3747 Polybi·

2472 3777 2861 3845 ‚usfluoque
2899 3756 3180 3820 vocavit
3216 3749 3506 3840 ἁπαρχας
3542 3757 3708 3823 illud
3734 3806 3757 3837 ,
3807 3760 3987 3844 quod

2480 3851 3057 3940 Carthaginienses
3092 3852 3357 3936 Tyrum
3426 3854 3843 3933 metropolin
3896 3854 3985 3919 su·

2476 3969 2594 4017 am
2632 3951 2895 4012 mittere
2929 3947 3073 4012 sunt
3100 3947 3301 4011 soliti.
3354 3947 3412 4030 ἓ)
3462 3952 3551 4012 At
3597 3962 3861 4014 certum
3906 3947 3985 4014 est

2479 4048 2686 4110 etiam
2724 4040 2880 4107 teste
2927 4045 3171 4107 eodem
3204 4043 3488 4106 Philone
3512 4090 3533 4120 ‚
3585 4033 3641 4128 f)
3692 4064 3739 4107 a
3767 4048 3983 4113 totins

2466 4141 2665 4206 orbis
2705 4139 2974 4203 Iudaeis
3015 4137 3325 4203 sanctam‘
3354 4139 3699 4205 civitatem
3740 4156 3985 4209 metro·

2476 4236 2657 4323 polis
2689 4235 2845 4299 loco
2882 4232 3072 4309 fuisse
3117 4233 3447 4307 habitam.
3550 4233 3871 4309 cetu-um
3894 4238 3984 4301 ds.

2476 4343 2660 4396 ctum
2684 4327 2864 4393 ‘illud
2897 4328 3249 4394 dimidium
3326 4329 3463 4394 sicli
3553 4329 3685 4395 fuit
3750 4346 3981 4396 notum

2587 4567 2635 4629 e)
2676 4564 2746 4619 de
2786 4565 2979 4635 Legat.
3017 4566 3092 4621 ad
3130 4566 3326 4620 Caium
3363 4584 3424 4638 p.
3454 4582 3577 4637 59²·
3770 4567 3826 4632 d)
3870 4570 3982 4621 Aa·

2404 4635 2450 4698 i')
2486 4634 2701 4691 advers.
2737 4634 2922 4689 icc.
