4225 5450
738 547 985 643 ’²3³4’

768 724 986 789 ‚Numi
1023 722 1076 786 1.
1113 735 1182 786 et
1212 721 1300 788 11.
1331 733 1508 808 typo
1539 680 1853 809 sphingis
1873 771 1893 802 ,
1945 737 2012 787 et
2034 726 2294 809 -capri.

770 820 974 882 ,corni
1011 815 1371 903 Augustum
1466 820 1779 904 proxime
1871 820 2283 905 contingunt.

776 913 1029 977 Lectus
1062 913 1265 999 igitur
1296 910 1385 975 est
1431 913 1519 976 ab
1552 913 1827 978 urbibus
1865 911 2144 977 Graecis
2194 914 2285 978 ad

781 1008 1195 1092 captandam
1279 1008 1605 1091 principis
1678 1008 2224 1091 benevolentiam
2258 1050 2302 1092 ‚,

784 1122 991 1187 quam
1028 1100 1115 1165 ob
1152 1099 1418 1164 causam
1453 1102 1546 1165 ab
1593 1104 1731 1183 ejus
1781 1124 2049 1188 quoque
2099 1115 2285 1167 aeta·

779 1200 868 1261 tis
908 1197 1293 1272 Thraciae,
1348 1195 1861 1284 Commagenes,
1915 1211 1980 1263 et
2021 1198 2286 1267 Parthi·

780 1312 865 1356 ae
903 1291 1175 1375 regibus
1206 1292 1639 1376 capricornus
1703 1306 2018 1356 monetae
2056 1292 2286 1357 illatus

782 1385 895 1448 est.
995 1387 1257 1449 Eodem
1295 1385 1425 1449 fine
1458 1384 1727 1471 Augusti
1760 1387 2118 1472 praeclara
2185 1386 2286 1452 fa·

781 1493 934 1564 cta,
987 1500 1161 1564 quae
1201 1481 1269 1543 in
1307 1480 1587 1564 reliquis
1628 1485 1847 1544 numis
1898 1500 2293 1568 proponun-

782 1589 930 1652 tur,
985 1575 1184 1637 urbes
1230 1574 1538 1639 Graecae.
1566 1578 1934 1661 signavere,
1985 1597 2067 1641 ac
2098 1598 2291 1663 prae·

780 1672 975 1754 cipue
1011 1669 1490 1754 famigeratam
1528 1673 1715 1735 illam
1769 1673 2092 1757 [ignorum
2131 1674 2290 1735 Par-

777 1764 1118 1829 thicorum
1162 1763 1670 1845 restitutionem,
1724 1768 1905 1851 quod
1941 1767 2150 1830 nolim
2170 1788 2297 1853 per

778 1863 1237 1942 conjecturam
1317 1873 1581 1925 tantum
1646 1864 1980 1925 adsertam
2049 1865 2288 1941 credi,

774 1975 940 2027 nam
977 1955 1175 2041 supra
1208 1955 1383 2019 inter
1424 1976 1663 2023 numos
1719 1956 2024 2023 Graecos
2079 1961 2289 2023 incer-

775 2063 996 2115 tarum
1045 2050 1311 2137 urbium
1343 2073 1511 2138 pag„
1564 2075 1691 2136 ¹32
1746 2074 2022 2118 numum
2064 2054 2292 2118 similis

693 2176 697 2181 ’
777 2146 1157 2232 argument-i
1192 2149 1467 2232 protuli.
1634 2206 1640 2213 .

873 2240 1025 2304 Iure
1073 2260 1243 2326 ergo
1277 2242 1454 2308 hanc
1483 2245 1649 2310 mihi
1670 2247 1909 2310 videor
1947 2246 2128 2330 pofl'e
2173 2243 2290 2308 sta-

779 2335 975 2399 bilire
1009 2337 1266 2422 legem,
1322 2354 1682 2424 argenteos
1726 2343 2009 2405 maximi
2052 2342 2288 2404 modu-

740 2510 746 2518 .
777 2432 828 2494 li
868 2432 939 2493 in
976 2433 1139 2496 urbe
1178 2430 1465 2518 signatos
1503 2455 1637 2497 non
1685 2437 1839 2512 esse,
1885 2449 2165 2518 argento
2190 2437 2292 2498 so-

748 2523 862 2589 ‘lis
903 2528 1242 2604 denariiS,
1296 2540 1362 2589 et
1406 2530 1733 2610 quinariis
1793 2541 2109 2591 contento
2135 2575 2155 2606 ,
2206 2528 2300 2591 fic.

756 2636 854 2709 ⁴ut
906 2622 949 2687 fi
1008 2624 1124 2707 qui
1174 2621 1411 2705 justum
1472 2624 1733 2686 denarii
1783 2624 2058 2705 pondus
2097 2643 2290 2685 exce-

782 2719 985 2801 dunt,
1022 2739 1173 2792 ¹uon
1224 2737 1503 2794 verear,
1588 2719 1663 2780 in
1717 2719 2071 2803 peregrina
2132 2717 2289 2781 illos

780 2825 1062 2874 moneta
1097 2823 1339 2891 putare
1367 2856 1388 2887 ,
1440 2822 1643 2894 atque
1686 2811 1851 2875 istud
1902 2832 2039 2875 nen
2078 2814 2288 2876 modo

785 2905 1215 2968 oblervatum
1251 2904 1588 2988 superiore
1638 2909 2126 2993 imperatorum
2176 2928 2289 2971 ae·

782 3019 875 3063 vo
917 3005 1102 3076 (nam
1166 3018 1343 3063 aevo
1389 2999 1710 3066 inferiore
1764 3004 1904 3068 alia
1946 3007 2290 3067 'monetae

780 3097 1138 3169 Romanae
1193 3096 1370 3180 ratio
1415 3097 1664 3177 valuit)
1713 3099 1827 3164 sed
1865 3102 2071 3162 etiam
2128 3097 2291 3162 ssan-

772 3202 852 3268 ‚te
893 3188 1283 3274 republica,
1337 3196 1678 3277 utmonui
1723 3196 1790 3258 in
1846 3206 2140 3274 tractatu
2209 3196 2293 3258 de

783 3286 1005 3366 numis
1041 3284 1496 3362 consularibus
1531 3291 1907 3374 capiteJVI.
2006 3289 2096 3352 Et
2128 3308 2290 3352 vero

785 3379 1362 3445 tetradrachmum
1432 3384 1690 3470 semper
1762 3398 1905 3448 tum
1989 3379 2293 3447 exteram

786 3489 1135 3538 monetam
1173 3473 1363 3539 fuiss'e
1398 3478 1707 3542 habitum
1731 3531 1752 3562 ‚
1808 3481 2013 3543 docet
2042 3481 2293 3543 Volusi-

786 3589 865 3634 us
900 3572 1296 3637 Maecianus
1333 3595 1350 3634 :
1411 3574 1809 3642 Victor-intus
1841 3596 2007 3662 nunc
2039 3586 2294 3641 tantun·

789 3667 923 3727 dem
959 3668 1119 3731 valet
1136 3709 1158 3743 ‚
1227 3678 1529 3751 quantum
1583 3673 1911 3755 quinarius
1965 3671 2109 3735 olim
2130 3718 2149 3747 ,
2236 3681 2300 3735 et

779 3763 1156 3842 peregrinus
1195 3781 1418 3826 numus
1499 3762 1625 3828 loco
1706 3770 1922 3831 mercis
1941 3813 1959 3841 ‚
2010 3775 2082 3831 ut
2139 3786 2298 3831 nune

776 3854 1105 4018 ἶαξΊὲΚΑ
1113 3854 1506 3924 DRACHM
1511 3859 1583 3924 V
1576 3862 1661 3926 M
1693 3872 1755 3927 et
1782 3862 2253 3960 DRACHMfl
2277 3908 2297 3940 ,

910 3970 940 4014 e
981 3961 1153 4015 atur.
1852 4001 1863 4016 .

1520 4050 1552 4082 ἡ

1342 4101 1380 4132 *-
1695 4103 1727 4137 ἡ

848 4143 1090 4218 ‚Numi
1139 4146 1326 4209 ami.
1429 4144 1533 4208 De
1583 4128 1864 4212 moneta
1919 4167 2138 4213 aenea
2181 4146 2300 4209 hu·

787 4242 894 4320 jus
928 4241 1174 4303 aetatis
1205 4240 1378 4303 haec
1407 4261 1493 4303 ex
1529 4247 1747 4307 numis
1785 4242 1937 4329 ipsis
1970 4244 2302 4326 comperi,-

791 4353 964 4396 mus.
1068 4335 1451 4419 Imperante
1489 4338 1539 4399 1.
1579 4337 1864 4402 Caesare
1909 4357 2062 4400 cum
2108 4336 2300 4417 hujus

1944 520 2703 601 AVGVSTVS.

2369 722 2593 807 capite
2616 770 2637 803 ,
2688 730 2807 782 aut
2845 719 3213 805 epigraphe
3259 731 3536 785 moneta
3568 720 3876 784 aeneain

2365 817 2532 881 urbe
2576 815 2831 901 [ignata
2879 832 3010 877 non
3062 814 3190 894 est,
3261 816 3339 879 'ut
3389 816 3459 878 in
3517 815 3713 897 hujus
3753 814 3875 878 nu-

2366 914 2495 974 mis
2529 912 2845 975 diximus.
2945 909 3293 974 Habemus
3328 910 3572 973 deinde
3631 926 3878 972 numos

2369 1025 2519 1070 cum
2561 1006 2789 1090 capite
2818 1052 2842 1087 ,
2892 1015 2960 1067 et
3021 1004 3450 1089 inscriptione
3509 1002 3876 1067 Octaviani

2364 1100 2666 1165 nondum
2701 1096 3023 1185 Augusti,
3098 1120 3268 1184 quos
3322 1098 3626 1183 descripsi
3682 1098 3886 1183 supra

2367 1215 2525 1281 pag.
2580 1208 2698 1271 80,
2748 1212 2984 1258 verum
3033 1196 3115 1257 de
3149 1194 3256 1257 his
3300 1194 3612 1260 dubitare
3647 1194 3881 1269 liceat,

2367 1290 2570 1355 sintne
2598 1308 2840 1352 revera
2866 1286 3221 1352 commatis
3253 1291 3572 1367 Romani,
3625 1300 3700 1351 ut
3717 1307 3882 1352 mox

2375 1386 2556 1450 infra
2594 1384 2970 1471 disputabo.
3071 1385 3355 1449 Videtur
3389 1402 3547 1470 ergo
3586 1402 3735 1448 mos
3765 1405 3884 1448 ae·

2377 1498 2577 1545 neam
2618 1490 2959 1542 monetam
2999 1479 3431 1562 imperatoris
3462 1480 3689 1565 capite
3733 1480 3887 1543 infi-

2374 1577 2645 1662 gniendi
2688 1576 2980 1659 primum
3023 1573 3137 1637 sub
3175 1574 3559 1638 Octaviano
3603 1576 3886 1639 tandem

2375 1669 2664 1755 Augusto
2701 1672 3040 1743 invectu33
3114 1689 3274 1732 nam
3314 1688 3466 1732 cum
3526 1669 3721 1752 hujus
3769 1690 3883 1734 ca·

2374 1767 2549 1850 pite,
2599 1765 2714 1828 vel
2747 1765 2974 1826 saltem
3022 1765 3389 1849 epigraphe
3432 1766 3744 1848 copiosos
3760 1766 3884 1828 ha-

2372 1861 2609 1924 bemus
2647 1876 2894 1927 aeneos
2933 1861 2986 1924 Ι.
3023 1872 3090 1922 et
3122 1861 3209 1923 11.
3249 1860 3513 1923 formae
3538 1907 3557 1936 ,
3612 1880 3695 1923 ex
3733 1862 3877 1945 qui·

2372 1954 2497 2020 bus
2543 1958 2638 2033 ii,
2690 1957 2803 2038 qui
2844 1968 3022 2018 certe
3053 1956 3123 2017 in
3158 1955 3321 2019 urbe
3356 1954 3481 2018 cufi
3522 1955 3703 2033 sunt,
3758 1977 3882 2019 no-

2373 2064 2516 2115 tam
2554 2052 2624 2115 S.
2665 2048 2741 2121 C,
2775 2069 2912 2113 non
2946 2051 3286 2122 omittunt.
3385 2051 3562 2113 Nam
3611 2064 3778 2128 tum,
3803 2065 3883 2115 ut

2373 2149 2558 2210 numi
2592 2159 2823 2231 aperte
2861 2146 3261 2229 loquuntur,
3325 2159 3741 2209 transactum
3789 2143 3883 2209 est

2373 2243 2549 2305 inter
2585 2239 2988 2324 Augustum,
3040 2252 3105 2302 et
3143 2240 3486 2324 senatum,
3534 2254 3607 2305 ut
3645 2246 3749 2323 jus
3767 2241 3878 2305 fe-

2371 2337 2594 2402 riundi
2635 2338 2784 2399 auri
2812 2348 2879 2397 et
2911 2337 3165 2421 argenti
3212 2356 3418 2420 penes
3464 2338 3879 2421 principem,

2372 2446 2442 2496 et
2469 2433 2646 2497 aeris
2688 2450 2892 2517 penes
2926 2430 3223 2493 senatum
3260 2432 3455 2509 ess‘et,
3509 2433 3688 2515 quod
3717 2451 3885 2496 con-

2373 2526 2579 2589 stante
2631 2527 2779 2610 lege
2847 2546 3058 2607 usque
3105 2527 3194 2589 ad
3240 2524 3618 2589 Gallienum
3693 2527 3880 2590 dein-

2371 2641 2529 2704 ceps
2567 2619 2655 2683 est
2691 2633 3058 2698 retentum,
3112 2623 3198 2684 de
3248 2642 3382 2705 quo
3427 2620 3717 2685 instituto
3753 2624 3882 2687 ali-

2370 2715 2441 2779 bi
2473 2717 2751 2801 egimuS.
2803 2712 2867 2797 ⁸)
2921 2716 3317 2803 Quicunque
3350 2738 3510 2804 ergo
3537 2720 3727 2781 aenei
3758 2740 3881 2783 no-

2371 2825 2512 2874 tam
2559 2813 2623 2875 S.
2664 2811 2748 2893 C,
2783 2815 2937 2876 inde
2973 2812 3061 2876 ab
3099 2813 3234 2877 hos
3287 2825 3599 2897 tempore
3678 2817 3882 2878 omit-

2370 2919 2557 2987 tunt,
2606 2895 2841 2970 omnes
2878 2908 2976 2970 ini
3004 2956 3021 2985 ‚
3076 2909 3368 2994 demptis
3413 2910 3884 2993 paucissimis,

2375 2999 2691 3066 officinae
2738 3015 3009 3090 exterae
3052 3015 3285 3087 partus
3336 3005 3479 3067 sunt
3559 3004 3883 3071 habendi.

2374 3099 2461 3160 Et
2502 3097 2658 3160 saue
2695 3089 2930 3161 oculus
2973 3100 3344 3162 tractandis
3396 3102 3615 3185 numis
3666 3102 3887 3165 erudi·

2374 3205 2480 3255 tus
2540 3194 3000 3277 deprehen-det
3060 3195 3126 3255 in
3194 3193 3455 3280 lingulis
3503 3195 3756 3278 aliquid
3837 3218 3896 3261 a.

2374 3301 2689 3352 monetae
2721 3290 2801 3355 R.
2833 3287 3141 3363 fabrica,
3192 3291 3572 3366 volumine,
3623 3291 3884 3356 metalli

2374 3386 2485 3448 vel
2532 3384 2812 3462 colore,
2859 3386 2970 3447 vel
3005 3384 3338 3463 crassitie‚
3385 3386 3609 3468 typis,
3661 3388 3880 3450 inscri-

2376 3482 2629 3566 ptionis
2674 3481 2883 3543 modo
2906 3480 3262 3543 abludens.
3358 3481 3658 3544 Primum
3677 3484 3887 3567 igitur

2375 3579 2447 3638 in
2482 3577 2808 3658 judicium
2847 3576 3122 3638 veniant

2470 3672 2668 3735 Ami
2709 3673 2983 3733 maximi·
3045 3669 3291 3735 moduli.
3439 3671 3590 3735 Hae
3654 3685 3885 3738 aetate

2374 3766 2565 3830 numi
2631 3765 2824 3843 hujus
2878 3763 3182 3843 formae,
3254 3768 3460 3830 etiam
3523 3771 3888 3834 commatis

2375 3861 2752 3946 peregrini,
2818 3862 3081 3945 perrari
3124 3861 3282 3925 sunt:
3406 3855 3717 3947 Quinque
3781 3865 3883 3929 so·

2377 3958 2521 4020 lum
2556 3958 2696 4037 ejus
2756 3958 3024 4039 generis
3067 3958 3359 4042 demptis
3419 3956 3884 4025 Contorniatis

2377 4051 2629 4135 reperit
2699 4051 3054 4122 Motellius
3080 4099 3102 4130 ,
3170 4071 3421 4136 eosque
3503 4054 3888 4119 delineatos

2382 4145 2539 4210 stitit
2566 4144 2804 4209 tabula
2837 4147 3084 4212 XXIH.
3183 4148 3288 4211 Ex
3331 4149 3437 4212 his
3507 4148 3832 4215 secundus
3860 4199 3884 4232 ,

2383 4245 2454 4305 in
2486 4263 2620 4328 quo
2664 4242 2732 4306 S.
2769 4241 2843 4306 C.
2886 4244 3064 4307 intra
3105 4264 3471 4325 quet-nam,
3524 4244 3607 4307 est
3649 4248 3885 4310 Antio·

2386 4338 2580 4400 chiae
2620 4337 2861 4418 Syriae
2886 4386 2904 4417 ,
2960 4340 3069 4402 vel
3108 4342 3311 4404 vicini
3355 4353 3649 4418 tractus,
3699 4345 3886 4408 terti·

868 4539 924 4603 a)
964 4539 1097 4592 Vol.
1131 4544 1177 4595 1.
1214 4544 1422 4616 Ptoleg.
1459 4563 1583 4616 gen-
1621 4562 1744 4618 cap.
1780 4546 1951 4599 xmt
