4225 5450
468 548 625 581 ...aad

297 775 465 842 fetri
513 772 698 860 pon‘e
737 770 1032 839 causam.
1132 769 1472 853 Primam,
1524 775 1707 859 quod
1729 794 1816 838 ex

300 874 532 937 Dione
586 868 831 948 video,
884 875 941 945 ²)
1003 873 1369 935 Antonium
1423 874 1566 953 jam
1636 889 1813 935 anno

299 971 388 1032 V.
442 965 522 1031 C.
566 977 750 1045 718,
814 977 886 1027 et
946 965 1130 1047 quod
1184 965 1514 1050 seqnitur,
1588 967 1815 1029 amico

298 1062 531 1129 adhuc
586 1059 911 1140 Caesare,
962 1060 1046 1125 fic
1100 1059 1509 1147 Cleopatrae
1579 1080 1816 1125 amore

296 1155 723 1231 infaniviss'e,
775 1171 848 1221 ut
892 1178 1026 1222 non
1076 1155 1459 1235 dubitaret,
1508 1157 1684 1221 natis
1732 1176 1817 1219 ex

293 1256 410 1331 se,
466 1264 535 1316 et
586 1250 961 1336 Cleopatra
1011 1250 1242 1317 liberis
1282 1253 1530 1316 multas
1576 1250 1817 1343 Arabi·

286 1350 407 1427 ae',
458 1348 862 1427 Phoenices,
914 1344 1357 1426 Palaestinae,
1401 1345 1816 1431 Cretaepar-

292 1458 445 1521 tes,
497 1442 713 1529 ipsam
748 1445 958 1509 etiarn
999 1443 1336 1529 Cyrenen,
1387 1454 1457 1506 et
1480 1441 1816 1530 Cyprum,

84 1530 97 1539 “
170 1554 179 1561 “
292 1543 653 1605 Romanas
720 1559 975 1628 „nempe
1041 1540 1432 1626 provincias
1487 1537 1811 1625 elargiri,

296 1655 473 1700 mox
515 1635 599 1706 V.
634 1632 714 1699 C.
761 1653 941 1717 720,
989 1646 1065 1703 ut
1102 1637 1193 1698 ad
1220 1636 1396 1701 hunc
1435 1653 1683 1699 annum
1716 1634 1815 1698 di·

292 1731 378 1796 xi
404 1778 443 1808 ‚‚
480 1728 973 1817 pulcherrimas
1020 1731 1267 1795 iisdem
1326 1728 1520 1797 Atiae
1550 1775 1571 1808 ,
1640 1728 1814 1794 Afri·

292 1845 573 1909 eaeque,
600 1826 993 1910 provincias
1059 1826 1400 1893 addicere.
1512 1827 1813 1889 Tantum

292 1921 569 1986 facinus
639 1924 757 2005 qui
826 1921 1023 1985 ausus
1053 1933 1201 1985 erat
1239 1923 1471 2007 palam
1511 1934 1715 2007 atque
1744 1923 1813 1985 in

292 2017 451 2081 luce
486 2028 866 2094 attentare,
914 2017 1133 2082 levius
1176 2029 1357 2083 certe
1402 2017 1665 2101 aliquid
1695 2036 1813 2081 au-

293 2113 405 2176 sus
436 2110 568 2192 est,
620 2132 773 2177 cum
812 2114 882 2177 in
936 2124 1211 2176 moneta
1263 2113 1399 2177 hae
1440 2132 1660 2178 aenea
1715 2123 1813 2175 at·

294 2229 432 2294 que
470 2206 768 2300 ‘ignobili
817 2211 1121 2295 reginam
1165 2208 1479 2292 pellicem
1532 2207 1650 2270 fibi
1714 2208 1811 2270 so·

292 2304 475 2367 ciari
517 2301 604 2365 est
649 2305 909 2388 pass‘uS,
956 2321 1174 2389 neque
1244 2304 1499 2367 necess'e
1531 2299 1618 2364 est
1658 2320 1812 2387 cum

296 2397 716 2462 Mazzoleno
750 2397 1036 2463 statuere
1071 2447 1093 2477 ,
1170 2417 1309 2462 non
1355 2397 1541 2483 poss‘e
1600 2401 1811 2461 Anto·

296 2496 487 2559 nium
532 2512 687 2558 cum
724 2488 1096 2581 Cleopatra
1147 2495 1467 2580 componi
1507 2505 1664 2558 ante
1696 2511 1810 2556 an·

292 2611 456 2657 num
487 2592 576 2653 V.
613 2587 687 2654 C.
723 2609 905 2671 722,
968 2610 1107 2674 quo
1154 2591 1429 2655 tandem
1466 2600 1669 2675 rupta
1706 2588 1815 2652 in-

212 2758 225 2776 ,
296 2701 429 2756 ter,
466 2696 827 2771 utrumque
892 2687 1213 2758 Illvirum
1293 2705 1481 2773 pax,
1535 2685 1809 2769 quando

295 2785 517 2848 multo
551 2793 709 2845 ante
773 2785 1141 2847 Antonium
1191 2784 1515 2869 graviora
1584 2781 1813 2845 ausum

298 2880 640 2942 videmus.
680 2875 685 2882 ’
741 2879 977 2943 Altera
1009 2880 1209 2943 causa
1240 2879 1382 2965 peti
1426 2869 1640 2961 potest
1668 2890 1712 2939 a
1739 2876 1816 2938 li·

296 2971 531 3036 bidine
563 2969 1096 3057 praefectorum.
1193 2971 1471 3038 Constat
1499 3018 1520 3050 ,
1570 2971 1815 3034 horum

290 3068 516 3144 alios,
574 3086 747 3151 quos
777 3071 1159 3133 reverentia
1192 3070 1486 3137 Romani
1520 3066 1815 3139 nominis

300 3166 541 3241 tenuit,
590 3163 893 3247 graviter
920 3165 1133 3229 tuliss'e
1159 3165 1617 3228 immoderata
1645 3160 1818 3224 haec

301 3259 579 3324 Antonii
612 3258 683 3320 in
720 3256 1159 3348 Cleopatram
1190 3258 1440 3335 studia,
1490 3271 1559 3323 et
1622 3253 1814 3322 fuiss'e

298 3355 506 3420 etiam
531 3401 555 3437 ‚
610 3353 727 3439 qui
758 3352 892 3418 hac
939 3376 1074 3420 una
1114 3356 1202 3420 de
1252 3355 1455 3419 causa
1508 3353 1601 3418 ad
1634 3345 1811 3416 'Cae-

306 3451 466 3515 saris
497 3461 733 3537 partes
754 3451 1138 3518 transirent.
1232 3453 1327 3514 At
1359 3448 1549 3514 suere
1578 3449 1810 3524 etiam,

302 3547 421 3630 qui
451 3541 673 3631 turpis
711 3544 1020 3628 quaestus
1051 3544 1251 3611 causa
1281 3565 1438 3610 eam
1482 3542 1810 3610 insaniam

306 3655 423 3706 aut
454 3640 808 3716 ferebant,
878 3655 999 3705 aut
1044 3644 1250 3706 etiam
1309 3637 1813 3726 approbabant.

302 3737 409 3800 Ex
440 3737 689 3802 horum
724 3754 1002 3802 numero
1035 3737 1223 3804 fuiss'e
1242 3734 1606 3801 Canidium
1625 3732 1812 3799 Cras·

298 3832 478 3912 fum,
531 3850 739 3895 unum
777 3851 862 3894 ex
897 3836 1283 3919 praecipuis
1335 3831 1615 3897 Antonii
1692 3830 1815 3893 du·

302 3925 537 4007 cibus,
587 3927 775 3994 numi
793 3926 931 4014 -ipfl
964 3930 1247 4003 docent3
1300 3949 1456 3994 nam
1488 3948 1629 3992 non
1666 3945 1813 3989 eru-

301 4022 455 4088 buit
498 4024 711 4088 homo
775 4024 1120 4110 impurus,
1190 4045 1397 4090 numo
1460 4023 1812 4111 Aegyptio

302 4117 719 4205 Cleopatrae
761 4121 1013 4198 solius,
1054 4141 1252 4207 quem
1285 4123 1353 4185 in
1390 4120 1584 4201 hujus
1641 4116 1809 4202 regi-

172 4223 183 4232 ·
298 4235 434 4278 nae
472 4225 750 4278 moneta
799 4216 1199 4302 descriptum
1256 4217 1562 4281 dedimus
1592 4264 1617 4298 ‚
1691 4228 1806 4272 no·

300 4331 456 4372 men
500 4307 1116 4401 suum'infcribere,
1183 4312 1501 4375 nimirum
1544 4322 1620 4373 ut
1649 4325 1806 4392 que·

296 4406 468 4469 ritur
520 4407 891 4471 Horatius:
944 4397 1035 4499 b)

364 4615 431 4678 a)
465 4614 530 4677 L.
562 4616 776 4669 XLIX·
808 4616 839 4684 §
869 4631 960 4684 32.

1386 577 1501 655 M.
1598 528 2326 653 AN‘rom‘vs.
3311 593 3401 673 ε,

1991 773 2318 841 Romanas
2369 770 2552 855 (eheu
2581 774 2809 865 pqsten'
2834 770 3180 862 negabitis)

2088 874 2540 956 Emancipatus
2551 870 2827 955 feminae

1993 970 2150 1034 Fert
2189 967 2441 1063 vallurgr,
2493 975 2553 1030 et
2600 986 2784 1031 arma
2823 966 3026 1047 miles,
3079 981 3139 1036 et
3170 973 3399 1059 spado?

3028 1064 3214 1131 nibus

2066 1158 2326 1223 Set-vire
2359 1159 2603 1246 rugosus
2632 1160 2846 1246 potest.

1901 1258 2122 1337 Atque
2159 1253 2291 1317 hue
2350 1268 2509 1315 vere
2552 1255 2878 1363 punget,
2957 1258 3158 1339 quod·
3194 1257 3410 1324 refert

1898 1346 2036 1412 Dio
2064 1395 2085 1427 ,
2138 1346 2198 1429 ⁶)
2248 1346 2688 1436 Cleopatram
2722 1362 2824 1412 ita
2859 1349 2980 1414 fibi
3009 1355 3401 1443 antonium,

1897 1456 1968 1508 et
1997 1456 2297 1521 ceteros,
2373 1444 2493 1535 qui
2558 1445 2629 1507 in
2694 1444 2927 1528 alifia
2997 1448 3181 1534 apud
3245 1470 3401 1515 eum

1884 1537 2385 1605 existimatione
2435 1537 2727 1616 fuerant,
2778 1541 2965 1605 velut
3001 1544 3403 1611 incantatio,

1897 1656 1983 1701 ne
2026 1636 2326 1720 quadam
2363 1634 2772 1714 devinxiss'e,
2851 1649 2925 1705 ut
2971 1637 3089 1701 fibi
3131 1641 3405 1725 imperi·

1898 1754 2014 1796 um
2043 1733 2111 1796 in
2143 1731 2494 1795 Romanos
2526 1730 2706 1816 ipsos
2740 1732 3026 1797 auderet
3066 1734 3397 1820 polliceri.

1899 1830 2158 1892 Horum
2212 1845 2370 1910 ergo
2413 1824 2528 1887 alii
2552 1873 2573 1903 ‚
2625 1825 2741 1909 qui
2785 1830 3002 1914 magis
3032 1827 3233 1894 sobrii
3254 1829 3400 1899 fue?

1892 1944 1967 1991 re
2002 1971 2021 2002 ‚
2070 1931 2385 2007 poterant
2438 1922 2736 1985 Antonio
2765 1922 3129 1990 Octaviam
3167 1928 3404 2007 eonju-

1897 2039 2045 2104 gem
2082 2016 2492 2099 legitimam,
2543 2015 2661 2079 alii
2713 2016 3151 2104 Cleopatram
3210 2021 3404 2095 adul-

1896 2126 2112 2178 teram
2145 2111 2424 2174 sociare.
2527 2111 2658 2175 Sed
2690 2112 2862 2177 haec
2891 2115 3222 2200 eopiofius
3253 2117 3407 2183 inu-

1893 2206 2161 2273 stranda
2194 2206 2669 2291 permittamus
2686 2211 3002 2293 tempori,
3043 2214 3230 2294 quod
3262 2210 3399 2291 for-

1892 2314 1961 2366 te
1992 2302 2360 2385 aliquando
2406 2301 2631 2384 plures
2659 2299 2853 2382 hujus
2889 2309 3265 2386 argumenti
3287 2327 3402 2369 nu·-

1893 2416 2085 2476 mos,
2137 2414 2390 2478 eosque
2430 2397 2645 2481 magis
2676 2399 2968 2483 integros
3000 2398 3400 2484 spectandos

1891 2492 2109 2567 dabit.
2721 2530 2734 2537 -

1990 2586 2358 2674 Supersunt
2391 2587 2815 2674 *explicanda
2880 2588 3151 2673 aliqua,
3225 2612 3401 2677 quae

1895 2685 1999 2750 a&
2023 2682 2530 2769 inscriptiones,
2583 2696 2651 2748 et
2684 2683 3253 2771 typosspectant.
3441 2709 3450 2717 ·

1992 2781 2068 2846 In
2112 2779 2450 2844 nonnullis
2490 2777 2635 2865 post
2668 2799 2904 2844 omnes
2945 2782 3278 2868 praefecti
3320 2790 3402 2852 ti-

1896 2876 2078 2941 tulos
2121 2877 2462 2939 adduntur
2515 2876 2753 2939 literae
2817 2876 2894 2938 F.
2951 2876 3028 2942 C.
3129 2879 3402 2950 Novam

1894 2972 2294 3035 sententiam
2336 2982 2755 3035 commentus
2796 2961 2884 3034 est
2912 2973 3250 3054 Panelius,
3285 2999 3404 3043 eas

1894 3061 2287 3152 explicans:
2342 3066 2801 3130 PRAEFectus
2841 3064 3058 3157 CLqffi
3093 3070 3151 3132 F
3153 3071 3405 3141 cedera-

1894 3173 2110 3228 tat-nm
2151 3159 2527 3246 Copias-um,
2579 3180 2784 3244 quam
2848 3161 3148 3228 refutare
3196 3168 3399 3253 piget.

1893 3258 2032 3323 Eas
2060 3258 2296 3321 literas
2323 3260 2466 3340 Jam
2496 3253 2858 3321 habuimus
2890 3259 2962 3323 in
3000 3261 3219 3325 numis
3254 3264 3397 3328 Vti.

1892 3374 2062 3432 cae,
2115 3364 2183 3416 et
2214 3352 2284 3416 in
2320 3353 2613 3417 denariis
2662 3352 2904 3437 Eppfi,
2970 3355 3041 3420 in
3108 3376 3397 3443 quorum

1892 3451 2210 3513 examine
2239 3450 2559 3526 diximus,
2587 3467 2711 3510 eos
2749 3446 3151 3533 fignificare:
3203 3453 3393 3522 Flan-

1886 3544 2073 3621 ἄεσα,
2124 3543 2238 3608 vel
2269 3543 2647 3610 Feriundum
2674 3542 2985 3619 curavit,
3037 3566 3241 3629 quam
3280 3572 3396 3615 ex.

1890 3640 2328 3725 plicationem
2365 3637 2608 3710 maluit
2633 3658 2902 3724 quoque
2927 3640 3313 3709 Bimardus.
3333 3637 3398 3730 ἆ)

1893 3736 2159 3799 Literas
2216 3738 2286 3802 in
2341 3735 2446 3800 his
2509 3737 2731 3799 nuruis
2781 3735 3113 3802 solitarias
3152 3742 3251 3817 A,
3300 3744 3390 3821 B,

1894 3835 1987 3910 Γ,
2042 3835 2150 3908 Δ,
2225 3836 2311 3896 ΔΙ
2370 3851 2504 3896 non
2567 3832 2749 3918 poss'e
2809 3832 3109 3896 indicare
3171 3854 3386 3904 annos
3493 3871 3500 3878 «

1895 3924 2364 4013 praefecturae
2385 3974 2406 4007 ,
2457 3926 2569 3990 sed
2599 3939 2835 3994 notare
2866 3928 3136 4013 aliquid.
3172 3931 3389 3996 incer·

1892 4036 2074 4099 tum,
2125 4022 2323 4107 supra
2381 4024 2450 4090 in
2526 4023 2676 4109 ipfis
2734 4022 2838 4086 his
2889 4030 3390 4092 commentariis

1895 4120 2212 4184 diximus,
2312 4120 2551 4203 Ignota
2586 4118 2791 4182 etiam
2850 4117 3239 4203 significatio
3314 4122 3388 4185 li·

1884 4226 2180 4278 terarum
2220 4212 2330 4277 HS
2355 4259 2376 4291 ,
2425 4233 2600 4298 quae
2634 4214 2777 4276 sunt
2804 4215 2869 4275 in
2911 4216 3243 4278 nonnullis
3278 4236 3384 4280 ae·

1886 4309 2028 4371 neis
2067 4309 2344 4392 majoris
2379 4305 2669 4373 formae.
2770 4307 3284 4395 Havercampus
3313 4310 3382 4373 fi-

1885 4404 2232 4470 rnilinota
2263 4404 2333 4467 in
2368 4423 2571 4494 numo
2610 4403 2900 4467 Atratini
2960 4403 3248 4490 putabat
3287 4409 3382 4471 in·

1094 4614 1377 4689 ωιῑροα.
1416 4612 1883 4678 od.1x,v.·n.
1988 4615 2381 4696 e)1,.1.,§5.
2488 4583 3210 4689 d22d'10bm.·1·.11.p.
3253 4621 3381 4688 13⁶,
3491 4609 3498 4616 ·
