4225 5450
807 510 953 581 304

2195 486 2581 567 OTHO.

816 703 884 753 et
920 686 1015 755 ab
1048 688 1183 753 hoc
1221 686 1290 753 in
1334 686 1741 776 postremum
1798 687 1964 753 istud
2012 708 2186 775 opus
2224 692 2320 753 in·
2402 709 2515 750 um
2553 685 2626 752 de
2669 684 2904 752 Othone
2939 687 3249 769 aco-eostre
3314 687 3600 772 scripsit,
3664 700 3810 751 tum
3837 699 3910 751 et

815 786 1026 863 serta,
1076 804 1211 868 quo
1270 784 1329 846 ie
1392 784 1553 848 loco
1616 783 1941 849 Othonis·
1976 798 2321 849 monetam
2404 784 2722 868 Seguino.
2780 780 2843 863 ¹)

814 877 1139 944 lustravit.
1239 880 1432 942 Haec
1477 898 1653 964 quae
1704 878 2031 944 hactenus
2069 899 2320 966 propo·

815 975 949 1051 sui,
999 972 1233 1058 sumpsi
1282 973 1606 1060 pleraque
1669 994 1753 1038 ex
1792 974 1936 1059 ipsa
1992 973 2325 1038 chiffletii

819 1068 1321 1150 dissertatione,
1372 1079 1437 1130 et
1484 1070 1600 1152 qui
1638 1068 1836 1155 plura
1869 1070 2055 1133 volet
2083 1119 2102 1150 ,
2171 1062 2325 1130 con-⁴

763 1272 771 1279 '
821 1256 1098 1323 flianum
1147 1256 1593 1342 Schlegelium
1616 1304 1641 1334 ,
1696 1261 1809 1343 qui
1878 1261 2020 1337 ejus
2092 1257 2330 1321 causae

821 1363 1041 1417 ortum
1081 1372 1163 1415 ac
1202 1352 1610 1438 progressum
1656 1353 1790 1420 late
1840 1364 2334 1417 commemorat

820 1447 892 1511 in
929 1446 1153 1532 lmpp.
1191 1446 1492 1511 Motellii
1531 1449 1616 1509 T.
1659 1448 1743 1511 11.
1790 1470 1858 1533 p.
1922 1461 2075 1530 183.

921 1540 1057 1625 Qui
1094 1541 1395 1605 eruditos
1433 1542 1562 1605 hos
1582 1546 1779 1607 viros
1813 1541 2147 1607 consecuti
2189 1541 2332 1604 sunt

824 1637 1235 1719 antiquarii,
1286 1638 1601 1700 viderunt
1656 1637 1858 1724 longo
1898 1640 2010 1703 usu
2066 1639 2329 1712 edocti,

824 1734 1060 1815 aliter,
1113 1751 1319 1815 quam
1359 1731 1463 1794 his
1532 1731 1786 1811 visum,
1860 1735 1944 1797 de
2025 1730 2332 1795 universa

824 1828 1024 1895 causa
1063 1825 1475 1889 sentiendum
1507 1827 1742 1912 procui
1774 1827 1982 1891 dubio
2023 1827 2175 1893 ess'e.
2249 1832 2333 1889 A·

820 1927 962 2006 iunt
1000 1922 1090 1998 L,
1142 1922 1293 1984 dari
1356 1940 1599 1985 numos
1670 1942 1920 1987 aeneos
2002 1921 2331 2003 Othonis„

826 2037 1078 2102 eosque
1119 2016 1304 2078 nulla
1334 2013 1596 2080 fraudis
1639 2017 2002 2105 suspicione
2024 2029 2334 2094 veteres,

823 2131 1000 2199 quae
1043 2111 1365 2201 sententia
1417 2109 1742 2176 chiffletii
1791 2114 2333 2177 criminationem

819 2206 1017 2282 ferit3
1069 2219 1140 2270 at
1170 2218 1416 2292 negant
1453 2207 1539 2271 11.
1562 2254 1582 2284 ,
1634 2222 1976 2294 repertum
2008 2207 2340 2271 hactenus

825 2323 1107 2371 aeneum
1157 2301 1451 2364 Othonis
1482 2323 1756 2369 numum
1791 2351 1812 2380 ,
1867 2305 1983 2385 qui
2025 2302 2098 2366 sit
2152 2322 2334 2366 com-

825 2398 1035 2461 matis
1065 2398 1401 2476 Romani,
1471 2417 1606 2480 quo
1668 2396 1950 2462 fulmine
1993 2401 2140 2478 jure
2187 2417 2324 2483 per-

826 2493 1155 2578 stringitur
1181 2490 1499 2583 PatinuS,
1554 2492 1668 2575 qui
1739 2512 1879 2555 non
1967 2493 2175 2554 modo
2249 2511 2333 2553 eo

825 2588 1245 2665 discrimine,
1296 2586 1476 2671 quod
1527 2588 1594 2648 in
1658 2586 1790 2649 hac
1835 2586 2031 2649 causa
2107 2589 2337 2669 magni

826 2682 1155 2748 momenti
1212 2678 1338 2758 est,
1429 2681 1576 2745 usus
1648 2701 1791 2744 non
1857 2674 2339 2757 fuit,‘verum

827 2781 1033 2841 etiam
1078 2778 1427 2839 Romanos
1468 2778 1747 2862 agnovit
1779 2795 1941 2854 eos,
1993 2778 2105 2860 qui
2150 2788 2340 2838 certo

830 2885 1026 2935 extra
1061 2868 1291 2933 urbem
1349 2870 1491 2932 [unt
1529 2869 1798 2956 signati,
1852 2884 1921 2934 ut
1968 2871 2200 2934 videre
2249 2868 2336 2932 est

832 2987 915 3031 ex
967 2969 1107 3050 ejus
1177 2965 1393 3030 numis
1466 2965 1979 3050 imperatorum.
2099 2967 2338 3046 Neque

832 3063 1035 3126 hodie
1074 3059 1418 3124 dubitatur
1455 3061 1945 3147 amplius,sve1
1987 3080 2103 3124 eos
2158 3060 2344 3144 ipsos·
2379 3069 2392 3086 ²

835 3158 1125 3221 Othonis
1160 3174 1439 3238 numoS,
1492 3160 1607 3242 qui
1637 3157 1951 3241 inscripto
1996 3156 2175 3218 intra
2193 3156 2339 3218 lau-

835 3273 1022 3317 ream
1066 3251 1130 3316 S.
1174 3248 1248 3313 C.
1292 3263 1532 3337 typum
1586 3253 1971 3332 Romanurn
2028 3250 2338 3334 proxime

836 3348 1227 3424 imitantur,
1281 3366 1413 3410 non
1452 3349 1756 3425 Romae,
1808 3349 1921 3411 sed
1961 3346 2143 3431 apud
2201 3350 2341 3408 An-

838 3437 1164 3508 tiochiam
1221 3442 1463 3525 Syriae
1508 3442 1695 3506 fuisse
1755 3441 2083 3527 fignatoS,
2151 3442 2343 3524 quod

841 3558 978 3603 non
1015 3537 1222 3602 modo
1273 3536 1543 3601 fabrica
1615 3542 1755 3620 ejus
1800 3540 2060 3622 generis
2106 3556 2337 3600 numo-

840 3655 991 3699 rum
1024 3633 1273 3698 invicte
1319 3631 1758 3716 demonstrat,
1812 3632 1923 3695 sed
1958 3633 2167 3695 etiam
2225 3651 2340 3693 nu-

844 3731 939 3802 mi
996 3731 1472 3815 plerorumque
1521 3727 1808 3792 aliorum
1856 3727 2346 3813 imperatorum

846 3825 1145 3908 ejusdem
1198 3824 1631 3908 argumenti,
1671 3842 1839 3908 quos
1892 3844 1978 3885 ex
2035 3822 2238 3905 Syria
2281 3841 2348 3883 e·-

848 3918 1125 3988 mersiss'e
1182 3938 1380 3984 nemo
1433 3921 1573 4000 jam
1631 3920 1699 3980 in
1781 3918 2063 3982 dubium
2115 3927 2360 3984 vocat„

849 4017 935 4080 Et
981 4034 1148 4080 vero
1192 4014 1627 4078 necessarium
1671 4013 1802 4077 hoc
1859 4011 2214 4076 discrimen
2248 4010 2349 4072 vi-

772 4191 779 4198 ,
851 4111 981 4180 deo
1015 4113 1220 4174 etiam
1259 4107 1567 4195 ignotum
1602 4107 1790 4172 fuiss'e
1844 4105 2179 4192 Cappono
2220 4106 2348 4170 Bo-

850 4205 1195 4283 noniensi,
1240 4206 1367 4290 qui.
1396 4223 1574 4270 anno
1650 4207 1829 4288 1669
1882 4199 2350 4266 commentari-

2502 875 2678 940 Cum
2711 878 2916 964 igitur
2949 878 3274 942 hactenus
3313 888 3624 969 repertus
3657 898 3792 942 non
3841 878 3916 943 lit

2410 991 2660 1036 aeneus
2709 972 3000 1036 Othonis
3055 991 3293 1036 numus
3347 975 3706 1037 commatis
3773 977 3914 1037 Ro·

2393 1062 2643 1145 mand,
2693 1066 3049 1131 verisimile
3086 1065 3215 1145 est,
3267 1087 3485 1151 neque
3523 1088 3814 1154 unquam
3849 1091 3916 1131 e·

704 1248 713 1253 ί
821 1162 991 1227 sulat
1030 1162 1383 1225 verbosum
1437 1183 1562 1246 pro
1619 1161 1911 1227 instituto
1963 1164 2075 1227 suo
2138 1162 2327 1227 Chri·
2408 1165 2514 1245 jus
2549 1162 2822 1224 nomine
2859 1182 3143 1225 aeneum
3176 1161 3364 1225 fuisse
3399 1161 3764 1247 signatum,
3814 1177 3918 1228 at·

2413 1276 2543 1340 que
2593 1257 2662 1318 id
2716 1275 2799 1318 eo
2843 1260 3101 1341 magis,
3151 1257 3474 1342 quoniam
3542 1278 3679 1323 non
3719 1261 3920 1344 pauci

2411 1350 2750 1436 supersunt
2826 1370 2976 1413 cum
3071 1355 3297 1429 aurei,
3349 1365 3491 1416 tum
3583 1356 3919 1440 argentei3

2414 1466 2699 1531 cumque
2743 1450 2999 1527 majore
3048 1446 3308 1532 semper
3362 1450 3566 1533 copia
3625 1449 3763 1512 hoc
3807 1469 3920 1512 ae-

2414 1561 2505 1604 vo
2553 1540 2741 1605 feriri
2813 1541 3100 1605 solerent
3155 1544 3342 1605 numi
3394 1544 3650 1618 aenei,
3711 1564 3920 1628 quam

2417 1635 2770 1701 nobilioris
2807 1637 3109 1717 metalli,
3141 1682 3146 1685 -
3175 1637 3424 1700 necess'e
3483 1639 3640 1701 ess'et
3691 1639 3920 1724 plures

2419 1727 2674 1792 exstare
2729 1750 3019 1809 aeneos,
3074 1730 3114 1793 fi
3154 1752 3448 1816 unquam
3483 1735 3677 1797 aenei
3721 1733 3928 1817 ligna·

2415 1828 2468 1888 ti
2501 1825 2721 1888 essent.
2822 1826 3073 1889 Mirum
3104 1824 3270 1891 istud
3302 1832 3444 1911 Jam
3486 1828 3734 1913 prioris
3768 1830 3928 1891 nevi

2422 1922 2824 2002 antiquariis
2898 1920 3148 1998 visum,
3201 1941 3284 1989 ac
3333 1937 3699 2009 propterea
3783 1926 3927 2003 jam

2419 2017 2681 2100 pridem
2734 2019 2801 2079 in
2821 2019 2961 2095 ejus
3007 2016 3316 2080 defectus
3365 2018 3632 2081 causam
3679 2021 3928 2102 inquiri

2421 2124 2759 2195 coeptum.
2864 2113 3087 2191 Major
3115 2132 3345 2175 eorum
3373 2134 3531 2198 pars
3551 2112 3923 2192 adseruere,

2419 2220 2738 2291 negatum
2791 2207 2965 2269 hunc
3009 2207 3265 2270 Othoni
3300 2208 3388 2271 ab
3427 2208 3654 2270 senatu
3707 2208 3923 2271 hono·

2420 2322 2561 2363 rem
2604 2308 2796 2384 (nam
2840 2303 2929 2364 ad
2969 2300 3263 2364 senatum
3300 2301 3656 2365 feriundae
3693 2322 3926 2367 moue-

2422 2408 2533 2458 tae
2574 2416 2824 2459 aeneae
2852 2399 2966 2476 jus
2990 2394 3342 2480 pertinuit)
3394 2402 3714 2480 quoniam
3746 2400 3808 2460 ei
3829 2398 3926 2459 in-

2420 2490 2640 2563 fensus
2671 2504 2823 2555 erat
2862 2491 2949 2552 ob
2987 2492 3247 2553 caesum
3273 2493 3571 2555 violente
3606 2489 3924 2568 Galbam,

2425 2587 2741 2669 quodque
2781 2606 2824 2648 a
2867 2586 3192 2673 militibus
3217 2635 3238 2664 ,
3289 2606 3422 2650 non
3458 2587 3548 2650 ab
3582 2587 3645 2649 se
3703 2584 3928 2650 dictus

2425 2679 2648 2742 fuerat
2686 2677 3053 2764 Augustus,
3108 2684 3289 2765 quod
3323 2684 3556 2746 omnia
3604 2702 3692 2745 ex
3751 2681 3928 2745 mili-

2425 2781 2566 2835 tum
2607 2775 2955 2837 voluntate
3015 2790 3435 2862 gererentur,
3507 2779 3767 2841 senatus
3806 2798 3930 2861 ςυ-

2422 2880 2559 2930 tem
2594 2869 2784 2936 nihili
2821 2867 3223 2949 haberetur,
3277 2876 3458 2954 cujus
3488 2875 3681 2937 varia
3703 2892 3926 2934 exem-

2426 2963 2539 3047 pla
2570 2964 2722 3049 ipsis
2753 2984 2840 3028 ex
2890 2964 3182 3043 Tacito,
3235 2966 3596 3044 Suetonio,
3645 2965 3929 3030 -Plutar-

2428 3058 2602 3135 cho,
2655 3060 2877 3123 Dione
2917 3059 3179 3145 praesto
3231 3061 3396 3125 sunt.
3495 3066 3752 3125 Verum
3792 3062 3930 3145 pla-

2427 3174 2509 3216 ne
2545 3153 2814 3218 infirma
2857 3154 3032 3218 haec
3064 3154 3152 3218 est
3198 3158 3402 3222 ratio.
3495 3155 3687 3234 Este,
3740 3154 3932 3220 fuiff·
3965 3169 4012 3202 a

2427 3248 2752 3324 senatum,
2807 3263 2877 3312 ut
2907 3263 3089 3326 erat,
3133 3251 3459 3315 insensum
3499 3252 3793 3328 Othoni,
3847 3272 3940 3315 an

2430 3345 2622 3407 ausus
2661 3343 2916 3423 fuisset,
2969 3344 3079 3407 nifi
3128 3367 3252 3430 per
3317 3360 3692 3410 extremam
3730 3359 3942 3410 teme-

2429 3439 2743 3516 ritatem,
2790 3453 3028 3524 aperte
3058 3461 3302 3526 negare
3336 3442 3668 3505 honorem
3695 3442 3940 3525 princi-

2430 3535 2499 3619 pi
2545 3529 2796 3598 saltem'
2816 3554 2937 3618 per
2971 3535 3245 3622 longam
3265 3538 3806 3602 consuetudinem
3826 3537 3937 3599 de·

2433 3629 2686 3706 bitum,
2741 3641 2808 3692 et
2848 3643 3152 3708 armato,
3207 3645 3272 3694 et
3297 3632 3563 3717 degenti
3617 3634 3878 3694 Romae
3909 3671 3932 3708 -,

2434 3736 2522 3788 et.
2554 3723 2851 3786 senatum
2893 3726 2973 3812 ⁸in
3025 3717 3352 3809 potestate
3401 3726 3733 3789 habenti?
3795 3724 3948 3811 lpse

2433 3819 2890 3903 nuperNeroa
2909 3824 3358 3904 praetorianis
3371 3821 3744 3884 inconlulto
3761 3821 3942 3884 senn-

2435 3926 2509 3980 tu
2527 3914 2986 4000 proclamatus
3010 3914 3508 4001 estimperator,
3530 3927 3618 4004 an
3636 3927 3939 4001 propter·
3963 3979 3972 3982 ,

2439 4029 2522 4072 ea
2541 4022 2783 4093 negata
2805 4010 3089 4095 pecunia
3109 4030 3324 4076 aenea
3338 4014 3367 4074 ’ἒ
3394 4012 3573 4094 Quin
3598 4031 3760 4073 vero
3781 4007 3946 4074 testo

2438 4105 2714 4187 Tacito,
2733 4093 2796 4184 b)
2829 4125 2990 4167 mox
3025 4106 3286 4182 audito,
3314 4106 3651 4169 Othonem
3685 4104 3948 4168 factum

2437 4200 2956 4285 imperatorem,
3009 4200 3356 4268 adcurrunt
3381 4212 3624 4287 patra,
3673 4202 3946 4268 decerui-

918 4511 995 4579 a)
1032 4509 1203 4572 Num.
1238 4508 1329 4563 rel.
1365 4525 1541 4582 pffirn.
1581 4522 1697 4576 ²43,
1888 4505 1947 4574 b)
1984 4505 2112 4570 Hffl.
2149 4507 2200 4568 1.
2236 4522 2340 4573 47..
