4225 5450
1463 541 2209 660 AVGVSTVS.

272 739 530 811 Caesar
567 742 681 809 fibi
725 740 1170 849 Hispaniam,
1223 757 1291 811 et
1354 747 1784 830 Numidiam,

274 844 615 906 Antonius
647 840 968 925 Galliam,
996 840 1063 906 e't
1083 841 1387 906 Africam
1421 842 1783 927 designant.

377 941 464 1001 V.
506 937 583 1002 C.
625 940 885 1020 713A.
926 940 1007 1005 Χ.
1049 951 1166 1015 4¹·
1217 938 1295 1003 L.
1308 939 1651 1012 Antonio,
1703 937 1783 1001 P.

272 1035 550 1100 Servilio
606 1033 810 1100 Vatia
868 1035 1142 1119 Isaurico
1203 1054 1325 1100 cos.
1426 1035 1522 1101 M.
1575 1036 1782 1094 Anto-

271 1132 394 1192 nio
444 1130 511 1195 in
541 1126 762 1192 Aliam
788 1129 877 1190 ad
916 1130 1252 1219 cogendas
1282 1124 1605 1214 pecunias
1629 1136 1782 1211 pro·

270 1222 461 1289 fecto
532 1226 670 1306 ejus
722 1220 942 1307 ‘frater
1010 1223 1091 1286 L.
1155 1225 1487 1289 Antonius
1554 1223 1783 1285 Pietas

272 1337 420 1383 cos.
485 1331 552 1382 et
625 1312 741 1381 M:
802 1310 1082 1383 Antonii
1160 1320 1342 1383 'uxor
1412 1317 1660 1381 Fulvia
1727 1314 1785 1377 1-

269 1412 460 1478 talos
485 1440 535 1488 ‚·
561 1414 674 1497 qui
716 1431 918 1501 agros
956 1414 1104 1487 suos
1148 1415 1488 1479 veteranis
1534 1412 1783 1476 cedere

258 1508 432 1594 jussi
467 1506 777 1586 fuerant,
829 1509 1150 1573 adversus
1183 1508 1539 1574 Caesarem
1561 1508 1780 1572 conci·

263 1616 528 1669 tavere.
628 1604 804 1668 Hinc
871 1602 1162 1682 bellum,
1213 1607 1468 1671 dictum
1531 1600 1780 1666 Peruli·

262 1719 483 1776 num,
518 1711 843 1764 *exortum
905 1697 1261 1767 Caesarem
1314 1703 1487 1764 inter
1557 1714 1624 1764 et
1695 1697 1775 1761 L.

264 1795 687 1873 Antonium,
739 1795 926 1880 quod
954 1791 1216 1859 finitum
1254 1791 1386 1859 fuit
1426 1794 1557 1858 hoc
1579 1797 1775 1858 Peru·

262 1890 407 1955 fiae
452 1890 745 1969 obsess'o,
798 1903 866 1953 et
911 1889 1005 1953 ad
1042 1891 1458 1965 deditionem
1508 1905 1775 1956 coacto.

264 1986 449 2051 Vide
493 1986 575 2050 de
609 1986 742 2049 hoc
766 1983 947 2049 bello
981 1986 1347 2071 praecipue
1379 1985 1698 2067 Dionem,
1722 1988 1777 2062 ”)

264 2093 337 2144 et
392 2082 803 2166 Appianum.
855 2067 920 2165 Ι’)

250 2188 261 2194 ’
366 2178 458 2240 V.
502 2175 579 2240 C.
619 2178 868 2257 714A.
906 2176 989 2240 X.
1023 2189 1140 2253 4ο.
1196 2174 1265 2242 G.
1302 2175 1516 2259 Afimo
1553 2174 1780 2241 ΡοΠίο-

258 2292 387 2349 ne,
443 2274 553 2339 Cn.
590 2269 873 2337 Domitio
912 2270 1165 2336 Calvino
1216 2291 1338 2335 cos.
1456 2272 1781 2335 Octavia-

266 2388 395 2433 nus
442 2367 559 2429 fibi
599 2385 643 2428 a
680 2367 777 2430 M.
800 2367 1094 2451 Antonio
1134 2364 1225 2428 ob
1266 2365 1406 2428 vim
1443 2364 1641 2429 fratri
1674 2362 1775 2428 fa-

260 2476 455 2526 ctam
486 2475 791 2526 metuens
828 2461 983 2526 Sex.
1005 2461 1402 2544 Pompeium
1435 2461 1671 2547 Magni
1704 2459 1775 2523 fi-

261 2561 435 2625 lium
489 2570 655 2623 natu
684 2559 1038 2632 minorem,
1088 2557 1205 2640 qui
1245 2555 1504 2640 elapsus
1528 2574 1777 2641 eprae-

262 2656 364 2718 iio
404 2650 759 2717 Mundenfi
814 2665 1080 2715 mortuo
1135 2651 1465 2715 dictatore
1527 2648 1775 2714 iterum

260 2748 569 2826 emersit,
617 2761 686 2812 et
724 2761 1125 2832 comparata
1165 2747 1401 2825 classe,
1450 2747 1775 2833 receptis-

265 2865 401 2929 que
442 2844 874 2928 proscriptis»,
928 2855 996 2906 et
1042 2855 1382 2927 occupata
1418 2842 1649 2907 Sicilia
1676 2843 1774 2905 sa·

262 2943 357 3005 tis
404 2938 676 3002 validus
745 2937 987 3002 Italiae
1054 2956 1249 3001 oram
1312 2939 1631 3012 vexavit,
1707 2939 1775 3000 in

265 3047 506 3123 partes
544 3033 691 3100 suas
733 3033 1121 3118 pertrahere
1138 3044 1422 3096 conatus
1453 3028 1542 3093 est
1573 3032 1777 3095 ducta

265 3151 425 3195 eum
467 3133 537 3193 in
568 3128 779 3191 finem
820 3127 1178 3193 Scribonia
1222 3127 1456 3190 sorore
1505 3125 1774 3191 Scribo·

256 3227 357 3291 nii
386 3222 723 3306 LiboniS,
789 3224 1136 3308 patrisque
1187 3221 1460 3285 alterius
1507 3221 1776 3286 Scribo·

256 3322 425 3386 niae
470 3319 629 3383 Sex.
716 3319 1046 3403 Pompeio
1104 3319 1176 3378 in
1264 3314 1773 3380 matrimonium

262 3415 678 3481 collocatae.
776 3411 890 3477 Ast
931 3413 1193 3474 irritum
1227 3412 1470 3475 cecidit
1504 3409 1774 3475 artifici-

260 3529 404 3577 um.
500 3509 775 3572 Revera
808 3509 908 3572 M.
946 3507 1279 3569 Antonius
1317 3527 1403 3570 ex
1446 3508 1773 3592 Aegypto

258 3611 337 3672 in
379 3602 656 3671 Italiam
676 3602 988 3687 appulsus
1017 3600 1453 3665 Brundusium
1473 3621 1601 3684 per
1631 3604 1773 3666 vim

240 3703 490 3786 cepit,
562 3719 714 3762 cum
767 3710 1033 3761 mortua
1084 3696 1455 3783 improviso
1516 3697 1772 3762 Fulvia

256 3798 480 3860 totius
512 3793 676 3857 belli
712 3792 865 3860 face
918 3794 988 3856 in
1028 3791 1772 3876 concordiammterque

256 3892 473 3968 rediit
507 3910 595 3953 ea
650 3889 838 3976 lege,
892 3901 962 3964 ut
1015 3886 1253 3952 Oriens
1320 3887 1771 3964 M.'Antoni‚o

252 3988 542 4050 eederet
589 4032 610 4061 ‚
700 3983 964 4068 Lepido
1050 3979 1332 4057 Africa„
1385 3983 1770 4052 Octaviano

253 4080 532 4158 Gallia,
582 4079 941 4165 Hispania,
990 4077 1383 4155 Dalmatia,
1432 4075 1771 4156 Sardinia,

254 4190 472 4261 atque
498 4173 623 4238 hic
657 4173 901 4238 bellum
941 4172 1097 4240 Sex.
1136 4174 1508 4257 Pompeio,
1558 4176 1767 4236 Anto·

235 4271 415 4336 mins
449 4269 717 4334 Parthis
765 4267 1044 4332 faceret.
1180 4267 1286 4330 Ea
1342 4288 1482 4354 pax
1536 4268 1767 4354 magis

324 4506 391 4568 a)
424 4504 493 4558 1..
527 4503 862 4576 va11r.§

222 4573 845 4645 ammanus.
904 4591 1128 4646 .›c.‚73.

1246 4508 1309 4574 b)
1347 4505 1489 4562 aar
1518 4509 1628 4562 av.
1662 4505 1730 4561 1..
1768 4507 1842 4563 v.

3293 580 3374 645 71

1867 745 2139 810 firmata
2165 746 2458 812 Octavia
2496 744 2799 813 Caesaris
2837 748 3063 845 sorore
3079 752 3380 865 Antonio

1867 842 1934 903 in
1976 843 2476 905 matrimonium
2515 844 2696 910 data.

1965 914 3378 1023 V-C.715.A....X39LMarcioCen-

1848 1026 2109 1113 serino,
2166 1033 2227 1098 C.
2266 1032 2517 1122 Calvqio
2550 1033 2788 1098 Sabino
2812 1055 2933 1101 cos.
2986 1036 3142 1100 Sex.
3172 1038 3374 1101 Pom·

1869 1132 2024 1211 pejo
2056 1128 2256 1194 litora
2298 1130 2527 1203 omnia
2563 1128 2803 1193 Italiae
2858 1127 3207 1195 infestante
3233 1178 3258 1209 ,
3306 1144 3376 1197 et

1870 1221 2196 1288 crescente
2228 1224 2297 1287 in
2345 1222 2508 1286 urbe
2528 1222 2713 1287 fame
2745 1226 3079 1289 Antonius
3117 1238 3185 1289 et
3203 1226 3370 1293 Cae·
3495 1262 3514 1275 ·

1867 1314 1971 1379 sar
2030 1320 2122 1382 ad
2179 1312 2456 1385 mitiora
2508 1318 2822 1405 compulfi
2894 1319 3169 1385 consilia
3215 1343 3372 1389 cum

1866 1410 2196 1498 Pompejo
2242 1434 2456 1500 prope
2493 1414 2820 1478 Misenum
2852 1416 3185 1501 congressi
3203 1418 3368 1499 sunt,

1864 1526 2005 1589 quo
2042 1511 2112 1573 in
2144 1510 2488 1594 colloquio
2543 1509 2907 1591 sancitum,
2961 1524 3036 1573 ut
3080 1510 3368 1600 Pompe·

1863 1604 1965 1682 jus
1998 1604 2331 1670 Achaiam
2356 1652 2376 1683 ‚
2448 1604 2746 1668 Siciliam
2774 1651 2794 1681 ,
2878 1605 3261 1671 Sardiniam
3297 1609 3368 1673 in

1865 1699 2386 1783 quinquennium
2420 1712 2697 1763 teneret.
2795 1699 3138 1787 Defignati
3173 1722 3366 1789 prae-

1865 1804 2053 1858 terea
2082 1797 2151 1859 in
2194 1796 2380 1861 VIII.
2418 1815 2631 1859 annos
2682 1793 3018 1871 consules,
3073 1808 3141 1858 et
3220 1798 3365 1882 qui—

1866 1888 2020 1952 dem
2058 1904 2131 1954 ut
2168 1889 2414 1953 Caesar
2451 1909 2627 1953 anno
2684 1892 2763 1955 V.
2836 1888 2942 1954 C.
2982 1909 3112 1971 721
3207 1892 3366 1958 esset
3414 1907 3418 1913 ·

1865 1984 2093 2048 consul
2136 1985 2278 2071 11.‚
2295 2003 2464 2067 723
2516 1984 2743 2047 consul
2772 1984 2896 2056 ΙΙΙ
2967 1987 3023 2067 ο)
3092 1984 3364 2121 Caesari

1865 2095 1950 2143 ex
1989 2079 2347 2147 Scribonia
2382 2080 2664 2142 nascitur
2721 2078 2914 2143 Iulia.

1960 2177 2046 2240 V.
2081 2172 2158 2237 C.
2200 2175 2356 2256 716.
2404 2177 2485 2236 A.
2534 2177 2615 2237 X.
2676 2187 2792 2257 38.
2843 2175 3057 2260 Appio
3110 2111 3364 2246 Claudio

1862 2265 2134 2337 Pulchro
2156 2317 2179 2351 ‚
2227 2269 2294 2334 C.
2354 2267 2658 2334 Norbano
2714 2270 2929 2334 Flacco
2996 2291 3117 2335 cos.
3215 2274 3363 2338 Pax

1863 2361 2218 2427 Caesarem
2258 2363 2429 2425 inter
2471 2377 2536 2427 et
2575 2364 2970 2447 Pompeium
3005 2378 3246 2453 rupta,
3297 2352 3367 2433 et

1858 2478 2127 2544 pugnae
2169 2458 2552 2521 maritimae
2605 2461 2798 2521 vario
2871 2472 3134 2527 eventu.
3232 2462 3361 2524 Ex·

1860 2565 2058 2618 eunte
2099 2553 2232 2617 hoc
2263 2556 2442 2617 anno
2500 2550 2866 2617 Illviratus
2909 2556 3361 2639 quinquennio

1860 2649 2143 2713 eundem
2182 2647 2298 2711 fibi
2324 2647 2651 2713 honorem
2683 2649 2753 2715 in
2789 2648 2974 2712 aliud
3000 2654 3362 2736 quinquen-

1860 2747 2041 2808 nium
2065 2757 2436 2830 prorogant
2463 2743 2717 2811 IIIviri.
2815 2742 3058 2810 Caesar
3092 2751 3363 2834 repudi—

1857 2854 1975 2904 ata
2017 2840 2374 2904 Scribonia
2419 2840 2691 2902 Liviam
2753 2841 2940 2903 ducit
2992 2841 3364 2909 abductam

1858 2937 2108 2998 marito
2150 2936 2261 2998 suo
2299 2934 2416 3000 Ti.
2453 2929 2742 2999 Claudio
2775 2934 3072 3016 Neroni,
3122 2953 3190 3001 et
3223 2917 3362 3003 tum
3405 2929 3418 2936 ’
3488 2947 3492 2952 ’

1855 3029 2071 3093 Druso
2116 3032 2496 3117 gravidam.

1876 3183 1880 3194 .
1952 3128 2033 3187 V.
2073 3125 2151 3190 C.
2193 3143 2352 3206 717.
2404 3127 2489 3194 A.
2547 3125 2639 3197 Χ.
2687 3145 2809 3209 37·
2860 3127 2960 3192 M.
3010 3125 3366 3214 Agrippa,

1854 3219 1930 3286 L.
1979 3221 2238 3288 Caninio
2272 3220 2444 3285 Gauo
2479 3240 2599 3286 cos.
2697 3219 3255 3308 MagniCaesaris
3273 3228 3363 3291 ad

1850 3311 2105 3380 'bellum
2149 3329 2386 3381 contra
2435 3315 2591 3380 Sex.
2626 3297 3021 3399 Pompejnm
3069 3338 3363 3404 appara-

1838 3426 1958 3475 tus
1982 3413 2290 3498 Agrippa
2327 3411 2617 3474 summae
2653 3412 2748 3472 rei
2784 3410 3158 3494 praesecto.
3226 3416 3362 3480 Ro·

1841 3527 2008 3571 mae
2035 3508 2367 3592 Pompeio
2418 3506 2863 3588 sacerdotium
2911 3504 3360 3595 designatum,

1853 3617 1922 3667 et
2012 3600 2390 3665 consulatus
2458 3599 2830 3686 designatus
2917 3599 3353 3689 abrogantur.

1839 3698 2069 3785 (Dio,
2119 3693 2533 3781 Appianus.)

1944 3795 2029 3857 V.
2066 3791 2152 3854 C.
2205 3796 2456 3873 718A.
2506 3795 2587 3860 X.
2622 3795 2740 3876 36.
2794 3794 2874 3860 L.
2921 3793 3110 3860 Gellio
3152 3797 3354 3881 Popli-

1842 3887 2019 3970 τοῖα,
2068 3886 2167 3951 Μ.
2204 3888 2438 3953 Cocceio
2487 3890 2708 3954 Nerva
2750 3910 2873 3955 cos.
2976 3891 3130 3955 Sex.
3158 3892 3352 3957 Pom·

1846 3987 2039 4074 pejus
2084 3980 2227 4067 post
2273 3984 2504 4048 varias
2568 3985 2752 4049 vices
2802 3987 3073 4054 demum
3122 3989 3352 4051 navali

1849 4080 2111 4164 praelio
2152 4081 2368 4143 victus
2406 4081 2474 4143 in
2512 4077 2735 4142 Aliam
2774 4080 3099 4168 profugit.
3154 4083 3352 4149 Com·

1832 4175 2038 4237 wissa
2066 4194 2290 4260 pugna
2325 4175 2439 4238 11⁴1.
2466 4193 2614 4242 non
2652 4173 2846 4263 Sept.
2873 4178 3156 4240 docente
3188 4176 3355 4240 istud

1834 4269 2262 4348 ‘Kalendario
2288 4270 2745 4336 Amiternino:
2778 4272 2976 4338 FER.
2994 4272 3138 4337 ET.
3162 4272 3354 4335 SVP-

2034 4508 2083 4576 0)
2120 4507 2233 4570 mo
2269 4508 2334 4563 1..
2372 4469 2638 4563 xtvm.
2667 4509 2711 4579 s
2747 4520 2826 4579 35·
2870 4507 3223 4582 ‹211qu
3269 4528 3348 4572 ιο.
