<?xml version="1.0" encoding="UTF-8"?>
<!DOCTYPE html PUBLIC "-//W3C//DTD XHTML 1.0 Transitional//EN"
    "http://www.w3.org/TR/xhtml1/DTD/xhtml1-transitional.dtd">
<html xmlns="http://www.w3.org/1999/xhtml" xml:lang="en" lang="en">
 <head>
  <title>
</title>
<meta http-equiv="Content-Type" content="text/html;charset=utf-8" />
  <meta name='ocr-system' content='tesseract 3.04.00' />
  <meta name='ocr-capabilities' content='ocr_page ocr_carea ocr_par ocr_line ocrx_word'/>
</head>
<body>
  <div class='ocr_page' id='page_1' title='image "./doctrinanumorum02unkngoog/doctrinanumorum02unkngoog_0160.png"; bbox 0 0 4225 5450; ppageno 0'>
   <div class='ocr_carea' id='block_1_1' title="bbox 868 591 997 640">
    <p class='ocr_par' dir='ltr' id='par_1_1' title="bbox 868 591 997 640">
     <span class='ocr_line' id='line_1_1' title="bbox 868 591 997 640; baseline -0.008 -1"><span class='ocrx_word' id='word_1_1' title='bbox 868 591 997 640; x_wconf 73' lang='lat'>112</span> 
     </span>
    </p>
   </div>
   <div class='ocr_carea' id='block_1_2' title="bbox 840 761 2355 1033">
    <p class='ocr_par' dir='ltr' id='par_1_2' title="bbox 840 761 2355 1033">
     <span class='ocr_line' id='line_1_2' title="bbox 855 761 2355 843; baseline 0 -14"><span class='ocrx_word' id='word_1_2' title='bbox 855 762 1095 830; x_wconf 84' lang='lat' dir='ltr'>favent</span> <span class='ocrx_word' id='word_1_3' title='bbox 1127 761 1414 843; x_wconf 84' lang='lat' dir='ltr'>Norifio,</span> <span class='ocrx_word' id='word_1_4' title='bbox 1466 778 1538 828; x_wconf 88' lang='lat' dir='ltr'>ut</span> <span class='ocrx_word' id='word_1_5' title='bbox 1570 764 1829 831; x_wconf 74' lang='lat' dir='ltr'>dIcetur</span> <span class='ocrx_word' id='word_1_6' title='bbox 1855 764 1928 829; x_wconf 85' lang='lat' dir='ltr'>iu</span> <span class='ocrx_word' id='word_1_7' title='bbox 1957 766 2177 829; x_wconf 81' lang='lat' dir='ltr'>numis</span> <span class='ocrx_word' id='word_1_8' title='bbox 2203 763 2355 830; x_wconf 86' lang='lat' dir='ltr'>Caii</span> 
     </span>
     <span class='ocr_line' id='line_1_3' title="bbox 855 858 1401 927; baseline 0.007 -4"><span class='ocrx_word' id='word_1_9' title='bbox 855 872 924 925; x_wconf 85' lang='lat' dir='ltr'>et</span> <span class='ocrx_word' id='word_1_10' title='bbox 959 860 1153 924; x_wconf 87' lang='lat' dir='ltr'>Lucii</span> <span class='ocrx_word' id='word_1_11' title='bbox 1191 858 1401 927; x_wconf 74' lang='lat' dir='ltr'>Caess&#39;.</span> 
     </span>
     <span class='ocr_line' id='line_1_4' title="bbox 840 955 1652 1033; baseline -0.002 -14"><span class='ocrx_word' id='word_1_12' title='bbox 840 1028 847 1033; x_wconf 49' lang='grc'><strong>,</strong></span> <span class='ocrx_word' id='word_1_13' title='bbox 951 956 1157 1020; x_wconf 85' lang='lat' dir='ltr'><strong>Numi</strong></span> <span class='ocrx_word' id='word_1_14' title='bbox 1198 959 1363 1020; x_wconf 87' lang='lat' dir='ltr'>certi</span> <span class='ocrx_word' id='word_1_15' title='bbox 1404 955 1652 1020; x_wconf 82' lang='lat' dir='ltr'><strong>desunt.</strong></span> 
     </span>
    </p>
   </div>
   <div class='ocr_carea' id='block_1_3' title="bbox 1267 1132 1946 1231">
    <p class='ocr_par' dir='ltr' id='par_1_3' title="bbox 1267 1132 1946 1231">
     <span class='ocr_line' id='line_1_5' title="bbox 1267 1132 1946 1231; baseline -0.004 -18"><span class='ocrx_word' id='word_1_16' title='bbox 1267 1146 1346 1213; x_wconf 92' lang='lat' dir='ltr'>V.</span> <span class='ocrx_word' id='word_1_17' title='bbox 1378 1132 1444 1212; x_wconf 70' lang='lat' dir='ltr'><strong><em>C.</em></strong></span> <span class='ocrx_word' id='word_1_18' title='bbox 1478 1166 1598 1230; x_wconf 80' lang='lat'>751</span> <span class='ocrx_word' id='word_1_19' title='bbox 1627 1146 1718 1215; x_wconf 83' lang='lat' dir='ltr'>A.</span> <span class='ocrx_word' id='word_1_20' title='bbox 1764 1148 1853 1214; x_wconf 85' lang='lat' dir='ltr'>X.</span> <span class='ocrx_word' id='word_1_21' title='bbox 1878 1170 1946 1231; x_wconf 80' lang='lat'>3.</span> 
     </span>
    </p>
   </div>
   <div class='ocr_carea' id='block_1_4' title="bbox 857 1239 2391 1310">
    <p class='ocr_par' dir='ltr' id='par_1_4' title="bbox 857 1239 2391 1310">
     <span class='ocr_line' id='line_1_6' title="bbox 857 1239 2391 1310; baseline 0.001 -3"><span class='ocrx_word' id='word_1_22' title='bbox 857 1239 998 1309; x_wconf 70' lang='grc' dir='ltr'>ΤΒ.</span> <span class='ocrx_word' id='word_1_23' title='bbox 1030 1242 1107 1308; x_wconf 82' lang='grc' dir='ltr'>Ρ.</span> <span class='ocrx_word' id='word_1_24' title='bbox 1137 1244 1291 1310; x_wconf 87' lang='grc' dir='ltr'>ΧΧ.</span> <span class='ocrx_word' id='word_1_25' title='bbox 1314 1243 1509 1309; x_wconf 88' lang='lat' dir='ltr'><em>XXI.</em></span> <span class='ocrx_word' id='word_1_26' title='bbox 1538 1243 1714 1307; x_wconf 81' lang='lat' dir='ltr'><strong><em>COS.</em></strong></span> <span class='ocrx_word' id='word_1_27' title='bbox 1732 1243 1904 1307; x_wconf 88' lang='lat' dir='ltr'><strong><em>XII.</em></strong></span> <span class='ocrx_word' id='word_1_28' title='bbox 1923 1239 2125 1308; x_wconf 84' lang='lat' dir='ltr'><strong><em>DES.</em></strong></span> <span class='ocrx_word' id='word_1_29' title='bbox 2142 1241 2352 1309; x_wconf 87' lang='lat' dir='ltr'><strong><em>XIII.</em></strong></span> <span class='ocrx_word' id='word_1_30' title='bbox 2377 1274 2391 1291; x_wconf 92' lang='lat'>·</span> 
     </span>
    </p>
   </div>
   <div class='ocr_carea' id='block_1_5' title="bbox 776 1336 2357 1593">
    <p class='ocr_par' dir='ltr' id='par_1_5' title="bbox 776 1336 2357 1593">
     <span class='ocr_line' id='line_1_7' title="bbox 1261 1336 1958 1405; baseline -0.004 0"><span class='ocrx_word' id='word_1_31' title='bbox 1261 1339 1342 1405; x_wconf 86' lang='lat' dir='ltr'>P.</span> <span class='ocrx_word' id='word_1_32' title='bbox 1390 1340 1492 1404; x_wconf 97' lang='lat' dir='ltr'>M.</span> <span class='ocrx_word' id='word_1_33' title='bbox 1528 1338 1728 1402; x_wconf 87' lang='lat' dir='ltr'><strong><em>IMP.</em></strong></span> <span class='ocrx_word' id='word_1_34' title='bbox 1756 1336 1958 1402; x_wconf 89' lang='lat' dir='ltr'><em>XIV.</em></span> 
     </span>
     <span class='ocr_line' id='line_1_8' title="bbox 776 1429 2357 1521; baseline -0.003 -21"><span class='ocrx_word' id='word_1_35' title='bbox 776 1465 783 1471; x_wconf 90' lang='lat'><strong>·</strong></span> <span class='ocrx_word' id='word_1_36' title='bbox 855 1434 937 1500; x_wconf 90' lang='lat' dir='ltr'>L.</span> <span class='ocrx_word' id='word_1_37' title='bbox 991 1433 1179 1500; x_wconf 79' lang='lat' dir='ltr'><strong><em>Corn.</em></strong></span> <span class='ocrx_word' id='word_1_38' title='bbox 1226 1434 1524 1510; x_wconf 65' lang='lat' dir='ltr'>Lemnio,</span> <span class='ocrx_word' id='word_1_39' title='bbox 1594 1433 1694 1495; x_wconf 90' lang='lat' dir='ltr'>M.</span> <span class='ocrx_word' id='word_1_40' title='bbox 1770 1431 2027 1497; x_wconf 76' lang='lat' dir='ltr'>Valerio</span> <span class='ocrx_word' id='word_1_41' title='bbox 2085 1429 2357 1521; x_wconf 70' lang='lat' dir='ltr'>Meffalt&#39;-</span> 
     </span>
     <span class='ocr_line' id='line_1_9' title="bbox 841 1547 1735 1593; baseline 0.001 -1"><span class='ocrx_word' id='word_1_42' title='bbox 841 1548 849 1559; x_wconf 82' lang='lat'><em>·</em></span> <span class='ocrx_word' id='word_1_43' title='bbox 1479 1548 1563 1592; x_wconf 73' lang='lat' dir='ltr'>no</span> <span class='ocrx_word' id='word_1_44' title='bbox 1609 1547 1735 1593; x_wconf 71' lang='lat' dir='ltr'>cos.</span> 
     </span>
    </p>
   </div>
   <div class='ocr_carea' id='block_1_6' title="bbox 952 1717 2352 1801">
    <p class='ocr_par' dir='ltr' id='par_1_6' title="bbox 952 1717 2352 1801">
     <span class='ocr_line' id='line_1_10' title="bbox 952 1717 2352 1801; baseline -0.002 -19"><span class='ocrx_word' id='word_1_45' title='bbox 952 1719 1140 1782; x_wconf 85' lang='lat' dir='ltr'>Nihil</span> <span class='ocrx_word' id='word_1_46' title='bbox 1185 1718 1271 1781; x_wconf 87' lang='lat' dir='ltr'>ad</span> <span class='ocrx_word' id='word_1_47' title='bbox 1316 1717 1492 1782; x_wconf 86' lang='lat' dir='ltr'>hunc</span> <span class='ocrx_word' id='word_1_48' title='bbox 1546 1738 1794 1783; x_wconf 82' lang='lat' dir='ltr'>annum</span> <span class='ocrx_word' id='word_1_49' title='bbox 1862 1718 2194 1801; x_wconf 70' lang='lat' dir='ltr'>memoria</span> <span class='ocrx_word' id='word_1_50' title='bbox 2259 1718 2352 1779; x_wconf 87' lang='lat' dir='ltr'>di·</span> 
     </span>
    </p>
   </div>
   <div class='ocr_carea' id='block_1_7' title="bbox 674 1813 2353 1902">
    <p class='ocr_par' dir='ltr' id='par_1_7' title="bbox 674 1813 2353 1902">
     <span class='ocr_line' id='line_1_11' title="bbox 674 1813 2353 1902; baseline 0.002 -29"><span class='ocrx_word' id='word_1_51' title='bbox 674 1858 681 1873; x_wconf 85' lang='lat'>.</span> <span class='ocrx_word' id='word_1_52' title='bbox 742 1872 747 1877; x_wconf 78' lang='grc'>,</span> <span class='ocrx_word' id='word_1_53' title='bbox 851 1835 1053 1902; x_wconf 85' lang='lat' dir='ltr'>gnum</span> <span class='ocrx_word' id='word_1_54' title='bbox 1114 1814 1494 1898; x_wconf 87' lang='lat' dir='ltr'>suppeditat</span> <span class='ocrx_word' id='word_1_55' title='bbox 1547 1813 1860 1899; x_wconf 81' lang='lat' dir='ltr'>historia,</span> <span class='ocrx_word' id='word_1_56' title='bbox 1934 1825 2052 1878; x_wconf 90' lang='lat' dir='ltr'>aut</span> <span class='ocrx_word' id='word_1_57' title='bbox 2111 1832 2353 1877; x_wconf 86' lang='lat' dir='ltr'>numos</span> 
     </span>
    </p>
   </div>
   <div class='ocr_carea' id='block_1_8' title="bbox 851 1911 1676 1975">
    <p class='ocr_par' dir='ltr' id='par_1_8' title="bbox 851 1911 1676 1975">
     <span class='ocr_line' id='line_1_12' title="bbox 851 1911 1676 1975; baseline -0.001 0"><span class='ocrx_word' id='word_1_58' title='bbox 851 1921 1073 1975; x_wconf 85' lang='lat' dir='ltr'>certos</span> <span class='ocrx_word' id='word_1_59' title='bbox 1115 1929 1222 1973; x_wconf 87' lang='lat' dir='ltr'>res</span> <span class='ocrx_word' id='word_1_60' title='bbox 1274 1911 1676 1975; x_wconf 86' lang='lat' dir='ltr'>monetaria.</span> 
     </span>
    </p>
   </div>
   <div class='ocr_carea' id='block_1_9' title="bbox 854 2100 2345 2652">
    <p class='ocr_par' dir='ltr' id='par_1_9' title="bbox 854 2100 2345 2652">
     <span class='ocr_line' id='line_1_13' title="bbox 1249 2100 1955 2188; baseline -0.007 -20"><span class='ocrx_word' id='word_1_61' title='bbox 1249 2101 1334 2168; x_wconf 86' lang='lat' dir='ltr'>V..</span> <span class='ocrx_word' id='word_1_62' title='bbox 1374 2100 1439 2166; x_wconf 83' lang='lat' dir='ltr'>C.</span> <span class='ocrx_word' id='word_1_63' title='bbox 1477 2122 1606 2188; x_wconf 83' lang='lat'>752</span> <span class='ocrx_word' id='word_1_64' title='bbox 1644 2100 1734 2169; x_wconf 79' lang='lat' dir='ltr'>A.</span> <span class='ocrx_word' id='word_1_65' title='bbox 1767 2102 1853 2168; x_wconf 88' lang='grc' dir='ltr'>Χ.</span> <span class='ocrx_word' id='word_1_66' title='bbox 1890 2123 1955 2167; x_wconf 79' lang='lat'>2.</span> 
     </span>
     <span class='ocr_line' id='line_1_14' title="bbox 854 2193 2345 2282; baseline -0.009 -12"><span class='ocrx_word' id='word_1_67' title='bbox 854 2197 992 2282; x_wconf 74' lang='lat' dir='ltr'><strong><em>TR.</em></strong></span> <span class='ocrx_word' id='word_1_68' title='bbox 1041 2198 1124 2267; x_wconf 75' lang='lat' dir='ltr'><strong><em>P.</em></strong></span> <span class='ocrx_word' id='word_1_69' title='bbox 1160 2197 1354 2265; x_wconf 76' lang='lat' dir='ltr'><strong><em>XXI.</em></strong></span> <span class='ocrx_word' id='word_1_70' title='bbox 1382 2197 1617 2265; x_wconf 84' lang='lat' dir='ltr'><strong><em>XXII.</em></strong></span> <span class='ocrx_word' id='word_1_71' title='bbox 1656 2198 1842 2266; x_wconf 81' lang='lat' dir='ltr'><strong><em>coS.</em></strong></span> <span class='ocrx_word' id='word_1_72' title='bbox 1875 2193 2206 2265; x_wconf 83' lang='grc' dir='ltr'>ΧΙῙῙ.“Ρ.</span> <span class='ocrx_word' id='word_1_73' title='bbox 2242 2195 2345 2260; x_wconf 88' lang='lat' dir='ltr'>M.</span> 
     </span>
     <span class='ocr_line' id='line_1_15' title="bbox 1375 2292 1815 2361; baseline -0.009 -1"><span class='ocrx_word' id='word_1_74' title='bbox 1375 2295 1579 2360; x_wconf 86' lang='lat' dir='ltr'><strong><em>IMP.</em></strong></span> <span class='ocrx_word' id='word_1_75' title='bbox 1614 2292 1815 2361; x_wconf 82' lang='lat' dir='ltr'><strong><em>XIV.</em></strong></span> 
     </span>
     <span class='ocr_line' id='line_1_16' title="bbox 895 2388 2297 2504; baseline -0.009 -42"><span class='ocrx_word' id='word_1_76' title='bbox 895 2391 1173 2484; x_wconf 63' lang='lat' dir='ltr'>Augusto</span> <span class='ocrx_word' id='word_1_77' title='bbox 1220 2391 1433 2459; x_wconf 87' lang='lat' dir='ltr'><strong><em>XIII.</em></strong></span> <span class='ocrx_word' id='word_1_78' title='bbox 1469 2391 1579 2475; x_wconf 72' lang='lat' dir='ltr'>M,</span> <span class='ocrx_word' id='word_1_79' title='bbox 1602 2390 1858 2504; x_wconf 61' lang='lat' dir='ltr'>ploratio</span> <span class='ocrx_word' id='word_1_80' title='bbox 1888 2388 2152 2455; x_wconf 75' lang='lat' dir='ltr'>Silvano</span> <span class='ocrx_word' id='word_1_81' title='bbox 2178 2406 2297 2451; x_wconf 76' lang='lat' dir='ltr'>cos.</span> 
     </span>
     <span class='ocr_line' id='line_1_17' title="bbox 1195 2488 1993 2652; baseline -0.016 0"><span class='ocrx_word' id='word_1_82' title='bbox 1195 2584 1327 2652; x_wconf 75' lang='grc' dir='ltr'>ΡΑ</span> <span class='ocrx_word' id='word_1_83' title='bbox 1335 2488 1698 2648; x_wconf 50' lang='grc' dir='ltr'>Τλΐλῖὒὲἱῖἇι</span> <span class='ocrx_word' id='word_1_84' title='bbox 1691 2495 1851 2645; x_wconf 56' lang='lat'>{⁸121</span> <span class='ocrx_word' id='word_1_85' title='bbox 1846 2580 1913 2644; x_wconf 83' lang='lat' dir='ltr'><strong><em>A</em></strong></span> <span class='ocrx_word' id='word_1_86' title='bbox 1915 2581 1993 2646; x_wconf 75' lang='lat' dir='ltr'><strong><em>E.</em></strong></span> 
     </span>
    </p>
   </div>
   <div class='ocr_carea' id='block_1_10' title="bbox 842 2764 2354 3060">
    <p class='ocr_par' dir='ltr' id='par_1_10' title="bbox 842 2764 2354 3060">
     <span class='ocr_line' id='line_1_18' title="bbox 945 2764 2353 2854; baseline -0.011 -9"><span class='ocrx_word' id='word_1_87' title='bbox 945 2767 1578 2844; x_wconf 74' lang='lat' dir='ltr'>Petiit&#39;eonrulatum</span> <span class='ocrx_word' id='word_1_88' title='bbox 1597 2770 1774 2833; x_wconf 84' lang='lat' dir='ltr'>hunc</span> <span class='ocrx_word' id='word_1_89' title='bbox 1799 2771 1985 2843; x_wconf 82' lang='lat' dir='ltr'>xm,</span> <span class='ocrx_word' id='word_1_90' title='bbox 2013 2782 2080 2832; x_wconf 87' lang='lat' dir='ltr'>et</span> <span class='ocrx_word' id='word_1_91' title='bbox 2107 2764 2353 2854; x_wconf 80' lang='lat' dir='ltr'>postre-</span> 
     </span>
     <span class='ocr_line' id='line_1_19' title="bbox 845 2863 2350 2951; baseline -0.009 -12"><span class='ocrx_word' id='word_1_92' title='bbox 845 2894 1031 2944; x_wconf 84' lang='lat' dir='ltr'>mum</span> <span class='ocrx_word' id='word_1_93' title='bbox 1059 2921 1079 2951; x_wconf 88' lang='lat'>‚</span> <span class='ocrx_word' id='word_1_94' title='bbox 1132 2884 1202 2936; x_wconf 80' lang='lat' dir='ltr'>ut</span> <span class='ocrx_word' id='word_1_95' title='bbox 1240 2863 1480 2934; x_wconf 81' lang='lat' dir='ltr'>Caium</span> <span class='ocrx_word' id='word_1_96' title='bbox 1518 2879 1586 2929; x_wconf 89' lang='lat' dir='ltr'>et</span> <span class='ocrx_word' id='word_1_97' title='bbox 1628 2866 1910 2930; x_wconf 89' lang='lat' dir='ltr'>Lucium</span> <span class='ocrx_word' id='word_1_98' title='bbox 1966 2865 2144 2928; x_wconf 86' lang='lat' dir='ltr'>filios</span> <span class='ocrx_word' id='word_1_99' title='bbox 2214 2884 2350 2927; x_wconf 88' lang='lat' dir='ltr'>am-</span> 
     </span>
     <span class='ocr_line' id='line_1_20' title="bbox 842 2961 2354 3060; baseline -0.009 -25"><span class='ocrx_word' id='word_1_100' title='bbox 842 2969 1146 3060; x_wconf 82' lang='lat' dir='ltr'>plissimo</span> <span class='ocrx_word' id='word_1_101' title='bbox 1180 2965 1527 3054; x_wconf 81' lang='lat' dir='ltr'>praeditus</span> <span class='ocrx_word' id='word_1_102' title='bbox 1578 2961 1961 3047; x_wconf 83' lang='lat' dir='ltr'>magistratu</span> <span class='ocrx_word' id='word_1_103' title='bbox 1987 2962 2097 3025; x_wconf 87' lang='lat' dir='ltr'>suo</span> <span class='ocrx_word' id='word_1_104' title='bbox 2120 2981 2354 3046; x_wconf 85' lang='lat' dir='ltr'>quem-</span> 
     </span>
    </p>
   </div>
   <div class='ocr_carea' id='block_1_11' title="bbox 732 3057 2344 3155">
    <p class='ocr_par' dir='ltr' id='par_1_11' title="bbox 732 3057 2344 3155">
     <span class='ocr_line' id='line_1_21' title="bbox 732 3057 2344 3155; baseline -0.01 -22"><span class='ocrx_word' id='word_1_105' title='bbox 732 3078 739 3086; x_wconf 86' lang='lat'>&#39;</span> <span class='ocrx_word' id='word_1_106' title='bbox 849 3086 983 3155; x_wconf 88' lang='lat' dir='ltr'>que</span> <span class='ocrx_word' id='word_1_107' title='bbox 1044 3063 1378 3144; x_wconf 62' lang='lat' dir='ltr'>=tirocinio</span> <span class='ocrx_word' id='word_1_108' title='bbox 1433 3060 1798 3122; x_wconf 85' lang='lat' dir='ltr'>deduceret</span> <span class='ocrx_word' id='word_1_109' title='bbox 1876 3061 1944 3122; x_wconf 86' lang='lat' dir='ltr'>in</span> <span class='ocrx_word' id='word_1_110' title='bbox 1988 3057 2235 3121; x_wconf 86' lang='lat' dir='ltr'>forum.</span> <span class='ocrx_word' id='word_1_111' title='bbox 2288 3063 2344 3130; x_wconf 78' lang='lat'>⁸)</span> 
     </span>
    </p>
   </div>
   <div class='ocr_carea' id='block_1_12' title="bbox 848 3151 2370 4202">
    <p class='ocr_par' dir='ltr' id='par_1_12' title="bbox 848 3151 2370 3632">
     <span class='ocr_line' id='line_1_22' title="bbox 850 3151 2355 3241; baseline -0.011 -12"><span class='ocrx_word' id='word_1_112' title='bbox 850 3161 1140 3229; x_wconf 87' lang='lat' dir='ltr'>Lucium</span> <span class='ocrx_word' id='word_1_113' title='bbox 1207 3155 1563 3222; x_wconf 86' lang='lat' dir='ltr'>Caesarem</span> <span class='ocrx_word' id='word_1_114' title='bbox 1648 3156 1983 3219; x_wconf 85' lang='lat' dir='ltr'>consulem</span> <span class='ocrx_word' id='word_1_115' title='bbox 2060 3151 2355 3241; x_wconf 72' lang='lat' dir='ltr'>designat</span> 
     </span>
     <span class='ocr_line' id='line_1_23' title="bbox 848 3248 2370 3346; baseline -0.009 -25"><span class='ocrx_word' id='word_1_116' title='bbox 848 3254 999 3346; x_wconf 78' lang='lat' dir='ltr'>post</span> <span class='ocrx_word' id='word_1_117' title='bbox 1032 3269 1254 3319; x_wconf 82' lang='lat' dir='ltr'>‘annos</span> <span class='ocrx_word' id='word_1_118' title='bbox 1302 3256 1381 3317; x_wconf 90' lang='lat' dir='ltr'>V.</span> <span class='ocrx_word' id='word_1_119' title='bbox 1435 3251 1906 3342; x_wconf 78' lang='lat' dir='ltr'>process&#39;urum.</span> <span class='ocrx_word' id='word_1_120' title='bbox 2056 3248 2370 3318; x_wconf 62' lang='lat' dir='ltr'>Nauma-,</span> 
     </span>
     <span class='ocr_line' id='line_1_24' title="bbox 850 3344 2354 3435; baseline -0.011 -15"><span class='ocrx_word' id='word_1_121' title='bbox 850 3354 1120 3430; x_wconf 82' lang='lat' dir='ltr'>chiam,</span> <span class='ocrx_word' id='word_1_122' title='bbox 1171 3351 1476 3435; x_wconf 85' lang='lat' dir='ltr'>aliosque</span> <span class='ocrx_word' id='word_1_123' title='bbox 1530 3348 1729 3412; x_wconf 89' lang='lat' dir='ltr'>ludos</span> <span class='ocrx_word' id='word_1_124' title='bbox 1785 3344 2354 3434; x_wconf 80' lang='lat' dir='ltr'>splendidissimos</span> 
     </span>
     <span class='ocr_line' id='line_1_25' title="bbox 852 3433 2356 3538; baseline -0.011 -23"><span class='ocrx_word' id='word_1_125' title='bbox 852 3433 1041 3515; x_wconf 58' lang='lat' dir='ltr'>edin*</span> <span class='ocrx_word' id='word_1_126' title='bbox 1112 3448 1315 3512; x_wconf 86' lang='lat' dir='ltr'>Pater</span> <span class='ocrx_word' id='word_1_127' title='bbox 1348 3444 1614 3538; x_wconf 75' lang='lat' dir='ltr'>patriae</span> <span class='ocrx_word' id='word_1_128' title='bbox 1666 3443 2070 3529; x_wconf 84' lang='lat' dir='ltr'>appellatur.</span> <span class='ocrx_word' id='word_1_129' title='bbox 2154 3439 2356 3500; x_wconf 88' lang='lat' dir='ltr'>Tem·</span> 
     </span>
     <span class='ocr_line' id='line_1_26' title="bbox 849 3534 2356 3632; baseline -0.009 -25"><span class='ocrx_word' id='word_1_130' title='bbox 849 3545 1041 3632; x_wconf 80' lang='lat' dir='ltr'>plum</span> <span class='ocrx_word' id='word_1_131' title='bbox 1083 3544 1329 3607; x_wconf 79' lang='lat' dir='ltr'>Martis</span> <span class='ocrx_word' id='word_1_132' title='bbox 1365 3540 1619 3603; x_wconf 83' lang='lat' dir='ltr'><strong>Vltoris</strong></span> <span class='ocrx_word' id='word_1_133' title='bbox 1688 3540 1980 3602; x_wconf 83' lang='lat' dir='ltr'>dedicat.</span> <span class='ocrx_word' id='word_1_134' title='bbox 2111 3534 2356 3597; x_wconf 86' lang='lat' dir='ltr'>Iuliam</span> 
     </span>
    </p>

    <p class='ocr_par' dir='ltr' id='par_1_13' title="bbox 856 3821 2356 4202">
     <span class='ocr_line' id='line_1_27' title="bbox 1145 3821 2349 3904; baseline -0.008 -10"><span class='ocrx_word' id='word_1_135' title='bbox 1145 3828 1520 3894; x_wconf 84' lang='lat' dir='ltr'><strong><em>CAESAR.</em></strong></span> <span class='ocrx_word' id='word_1_136' title='bbox 1577 3823 2076 3904; x_wconf 85' lang='lat' dir='ltr'><strong><em>AVGVSTVS.</em></strong></span> <span class='ocrx_word' id='word_1_137' title='bbox 2130 3821 2349 3887; x_wconf 76' lang='lat' dir='ltr'><strong><em>DIVI.</em></strong></span> 
     </span>
     <span class='ocr_line' id='line_1_28' title="bbox 856 4111 2356 4202; baseline -0.009 -13"><span class='ocrx_word' id='word_1_138' title='bbox 856 4119 1218 4189; x_wconf 80' lang='lat' dir='ltr'><strong>PONTIF.</strong></span> <span class='ocrx_word' id='word_1_139' title='bbox 1260 4117 1591 4180; x_wconf 84' lang='lat' dir='ltr'>MAXIM.</span> <span class='ocrx_word' id='word_1_140' title='bbox 1629 4115 1863 4180; x_wconf 76' lang='lat' dir='ltr'>Mulier</span> <span class='ocrx_word' id='word_1_141' title='bbox 1878 4113 2095 4202; x_wconf 76' lang='lat' dir='ltr'>sedens</span> <span class='ocrx_word' id='word_1_142' title='bbox 2134 4111 2195 4176; x_wconf 84' lang='lat' dir='ltr'><strong><em>d.</em></strong></span> <span class='ocrx_word' id='word_1_143' title='bbox 2239 4112 2356 4176; x_wconf 84' lang='lat' dir='ltr'>ha·</span> 
     </span>
    </p>
   </div>
   <div class='ocr_carea' id='block_1_13' title="bbox 620 3627 2364 4397">
    <p class='ocr_par' dir='ltr' id='par_1_14' title="bbox 620 3627 2364 4397">
     <span class='ocr_line' id='line_1_29' title="bbox 848 3627 2352 3723; baseline -0.009 -19"><span class='ocrx_word' id='word_1_144' title='bbox 848 3640 1058 3705; x_wconf 71' lang='lat' dir='ltr'>filiam</span> <span class='ocrx_word' id='word_1_145' title='bbox 1097 3638 1549 3723; x_wconf 84' lang='lat' dir='ltr'>frequent²um</span> <span class='ocrx_word' id='word_1_146' title='bbox 1593 3627 2075 3696; x_wconf 76' lang='lat' dir='ltr'>adulteriorum</span> <span class='ocrx_word' id='word_1_147' title='bbox 2128 3629 2352 3694; x_wconf 84' lang='lat' dir='ltr'>convi-</span> 
     </span>
     <span class='ocr_line' id='line_1_30' title="bbox 644 3730 1968 3936; baseline -0.011 -132"><span class='ocrx_word' id='word_1_148' title='bbox 644 3749 1034 3936; x_wconf 38' lang='grc' dir='ltr'>ςλρω</span> <span class='ocrx_word' id='word_1_149' title='bbox 1073 3737 1141 3798; x_wconf 88' lang='lat' dir='ltr'>in</span> <span class='ocrx_word' id='word_1_150' title='bbox 1177 3732 1660 3816; x_wconf 81' lang='lat' dir='ltr'>Pandatariam</span> <span class='ocrx_word' id='word_1_151' title='bbox 1690 3730 1968 3814; x_wconf 83' lang='lat' dir='ltr'>relegat.</span> 
     </span>
     <span class='ocr_line' id='line_1_31' title="bbox 620 3920 2358 4022; baseline -0.01 -22"><span class='ocrx_word' id='word_1_152' title='bbox 620 4015 625 4022; x_wconf 33' lang='lat'>‚</span> <span class='ocrx_word' id='word_1_153' title='bbox 665 3988 678 3999; x_wconf 93' lang='lat'>.</span> <span class='ocrx_word' id='word_1_154' title='bbox 899 3947 909 3958; x_wconf 79' lang='grc'><em>’</em></span> <span class='ocrx_word' id='word_1_155' title='bbox 1139 3926 1222 3990; x_wconf 76' lang='lat' dir='ltr'><strong><em>F.</em></strong></span> <span class='ocrx_word' id='word_1_156' title='bbox 1278 3921 1602 3987; x_wconf 83' lang='lat' dir='ltr'><strong><em>PATER.</em></strong></span> <span class='ocrx_word' id='word_1_157' title='bbox 1643 3920 2070 3984; x_wconf 83' lang='lat' dir='ltr'><strong><em>PATRIAE.</em></strong></span> <span class='ocrx_word' id='word_1_158' title='bbox 2156 3920 2358 4004; x_wconf 66' lang='lat' dir='ltr'>Caput</span> 
     </span>
     <span class='ocr_line' id='line_1_32' title="bbox 1144 4021 1514 4088; baseline -0.005 -4"><span class='ocrx_word' id='word_1_159' title='bbox 1144 4021 1514 4088; x_wconf 78' lang='lat' dir='ltr'>laureatum.</span> 
     </span>
     <span class='ocr_line' id='line_1_33' title="bbox 766 4199 2363 4309; baseline -0.014 -21"><span class='ocrx_word' id='word_1_160' title='bbox 766 4269 771 4272; x_wconf 96' lang='lat'>-</span> <span class='ocrx_word' id='word_1_161' title='bbox 838 4223 1043 4309; x_wconf 77' lang='lat' dir='ltr'><strong><em>fiam,</em></strong></span> <span class='ocrx_word' id='word_1_162' title='bbox 1076 4219 1137 4301; x_wconf 88' lang='lat' dir='ltr'>s.</span> <span class='ocrx_word' id='word_1_163' title='bbox 1169 4235 1434 4280; x_wconf 78' lang='lat' dir='ltr'><strong><em>ramum.</em></strong></span> <span class='ocrx_word' id='word_1_164' title='bbox 1487 4213 1628 4274; x_wconf 87' lang='lat' dir='ltr'>AV.</span> <span class='ocrx_word' id='word_1_165' title='bbox 1688 4212 1830 4274; x_wconf 89' lang='lat' dir='ltr'>AR.</span> <span class='ocrx_word' id='word_1_166' title='bbox 1885 4208 2089 4293; x_wconf 82' lang='lat' dir='ltr'><strong><em>(Mus.</em></strong></span> <span class='ocrx_word' id='word_1_167' title='bbox 2133 4199 2363 4286; x_wconf 81' lang='lat' dir='ltr'>Caes.)</span> 
     </span>
     <span class='ocr_line' id='line_1_34' title="bbox 956 4306 2364 4397; baseline -0.012 -18"><span class='ocrx_word' id='word_1_168' title='bbox 956 4317 1227 4379; x_wconf 87' lang='lat' dir='ltr'>Patrem</span> <span class='ocrx_word' id='word_1_169' title='bbox 1267 4311 1526 4397; x_wconf 83' lang='lat' dir='ltr'>patriae</span> <span class='ocrx_word' id='word_1_170' title='bbox 1572 4306 1761 4369; x_wconf 81' lang='lat' dir='ltr'>fuiss&#39;e</span> <span class='ocrx_word' id='word_1_171' title='bbox 1830 4307 2082 4367; x_wconf 88' lang='lat' dir='ltr'>dictum</span> <span class='ocrx_word' id='word_1_172' title='bbox 2144 4307 2364 4387; x_wconf 89' lang='lat' dir='ltr'><strong><em>Augu·</em></strong></span> 
     </span>
    </p>
   </div>
   <div class='ocr_carea' id='block_1_14' title="bbox 844 4465 4004 4502">
    <p class='ocr_par' dir='ltr' id='par_1_15' title="bbox 844 4465 4004 4502">
     <span class='ocr_line' id='line_1_35' title="bbox 844 4465 4004 4502; baseline 0 948"><span class='ocrx_word' id='word_1_173' title='bbox 844 4465 4004 4502; x_wconf 95' lang='lat' dir='ltr'> </span> 
     </span>
    </p>
   </div>
   <div class='ocr_carea' id='block_1_15' title="bbox 873 4545 2130 4702">
    <p class='ocr_par' dir='ltr' id='par_1_16' title="bbox 873 4545 2130 4702">
     <span class='ocr_line' id='line_1_36' title="bbox 938 4545 1947 4617; baseline -0.013 -12"><span class='ocrx_word' id='word_1_174' title='bbox 938 4553 993 4617; x_wconf 75' lang='lat' dir='ltr'>a)</span> <span class='ocrx_word' id='word_1_175' title='bbox 1030 4552 1184 4607; x_wconf 83' lang='lat' dir='ltr'>Suet.</span> <span class='ocrx_word' id='word_1_176' title='bbox 1222 4566 1267 4602; x_wconf 85' lang='lat' dir='ltr'><strong><em>c.</em></strong></span> <span class='ocrx_word' id='word_1_177' title='bbox 1303 4553 1393 4605; x_wconf 75' lang='lat'>26.</span> <span class='ocrx_word' id='word_1_178' title='bbox 1588 4545 1647 4610; x_wconf 88' lang='lat' dir='ltr'>b)</span> <span class='ocrx_word' id='word_1_179' title='bbox 1685 4546 1825 4615; x_wconf 78' lang='lat' dir='ltr'><strong><em>Cap.</em></strong></span> <span class='ocrx_word' id='word_1_180' title='bbox 1855 4554 1947 4613; x_wconf 79' lang='lat'>53.</span> 
     </span>
     <span class='ocr_line' id='line_1_37' title="bbox 873 4610 2130 4702; baseline -0.007 -30"><span class='ocrx_word' id='word_1_181' title='bbox 873 4633 924 4685; x_wconf 70' lang='lat'>8.</span> <span class='ocrx_word' id='word_1_182' title='bbox 1115 4625 1165 4685; x_wconf 84' lang='lat' dir='ltr'>e)</span> <span class='ocrx_word' id='word_1_183' title='bbox 1203 4619 1250 4670; x_wconf 92' lang='lat' dir='ltr'><strong>F</strong></span> <span class='ocrx_word' id='word_1_184' title='bbox 1255 4619 1349 4669; x_wconf 71' lang='lat' dir='ltr'>atti</span> <span class='ocrx_word' id='word_1_185' title='bbox 1380 4616 1557 4669; x_wconf 73' lang='lat' dir='ltr'>Verrii</span> <span class='ocrx_word' id='word_1_186' title='bbox 1593 4619 1651 4667; x_wconf 83' lang='lat' dir='ltr'>in</span> <span class='ocrx_word' id='word_1_187' title='bbox 1684 4611 1862 4702; x_wconf 63' lang='lat' dir='ltr'>pnes.</span> <span class='ocrx_word' id='word_1_188' title='bbox 1896 4629 1955 4684; x_wconf 80' lang='lat' dir='ltr'><strong><em>p.</em></strong></span> <span class='ocrx_word' id='word_1_189' title='bbox 1996 4610 2130 4663; x_wconf 79' lang='grc' dir='ltr'>ΧΠ.</span> 
     </span>
    </p>
   </div>
   <div class='ocr_carea' id='block_1_16' title="bbox 1048 4688 1066 4714">
    <p class='ocr_par' dir='ltr' id='par_1_17' title="bbox 1048 4688 1066 4714">
     <span class='ocr_line' id='line_1_38' title="bbox 1048 4688 1066 4714; baseline 0 0"><span class='ocrx_word' id='word_1_190' title='bbox 1048 4688 1066 4714; x_wconf 58' lang='grc' dir='ltr'>ἱ</span> 
     </span>
    </p>
   </div>
   <div class='ocr_carea' id='block_1_17' title="bbox 2155 4497 2978 4632">
    <p class='ocr_par' dir='ltr' id='par_1_18' title="bbox 2155 4497 2978 4632">
     <span class='ocr_line' id='line_1_39' title="bbox 2155 4497 2978 4632; baseline 0.006 -38"><span class='ocrx_word' id='word_1_191' title='bbox 2155 4543 2203 4609; x_wconf 90' lang='lat' dir='ltr'>c)</span> <span class='ocrx_word' id='word_1_192' title='bbox 2242 4536 2539 4594; x_wconf 68' lang='lat' dir='ltr'>AnimadV.</span> <span class='ocrx_word' id='word_1_193' title='bbox 2575 4537 2690 4593; x_wconf 74' lang='lat' dir='ltr'><strong><em>hist.</em></strong></span> <span class='ocrx_word' id='word_1_194' title='bbox 2726 4497 2849 4611; x_wconf 69' lang='lat' dir='ltr'>cap.</span> <span class='ocrx_word' id='word_1_195' title='bbox 2887 4555 2939 4606; x_wconf 89' lang='grc'>7.</span> <span class='ocrx_word' id='word_1_196' title='bbox 2971 4625 2978 4632; x_wconf 22' lang='grc' dir='ltr'>Β</span> 
     </span>
    </p>
   </div>
   <div class='ocr_carea' id='block_1_18' title="bbox 2020 560 2775 679">
    <p class='ocr_par' dir='ltr' id='par_1_19' title="bbox 2020 560 2775 679">
     <span class='ocr_line' id='line_1_40' title="bbox 2020 560 2775 679; baseline -0.004 -37"><span class='ocrx_word' id='word_1_197' title='bbox 2020 560 2775 679; x_wconf 58' lang='lat' dir='ltr'>Avasmvs</span> 
     </span>
    </p>
   </div>
   <div class='ocr_carea' id='block_1_19' title="bbox 2427 758 4000 4386">
    <p class='ocr_par' dir='ltr' id='par_1_20' title="bbox 2427 758 3948 3142">
     <span class='ocr_line' id='line_1_41' title="bbox 2437 758 3936 858; baseline 0.006 -29"><span class='ocrx_word' id='word_1_198' title='bbox 2437 764 2644 844; x_wconf 77' lang='lat' dir='ltr'>stum,</span> <span class='ocrx_word' id='word_1_199' title='bbox 2697 766 2933 832; x_wconf 77' lang='lat' dir='ltr'>diserte</span> <span class='ocrx_word' id='word_1_200' title='bbox 2976 768 3180 833; x_wconf 87' lang='lat' dir='ltr'>docet</span> <span class='ocrx_word' id='word_1_201' title='bbox 3207 758 3694 858; x_wconf 79' lang='lat' dir='ltr'>Suetonius‚¹’)</span> <span class='ocrx_word' id='word_1_202' title='bbox 3743 774 3936 839; x_wconf 83' lang='lat' dir='ltr'>nimi-</span> 
     </span>
     <span class='ocr_line' id='line_1_42' title="bbox 2433 862 3938 956; baseline 0.008 -33"><span class='ocrx_word' id='word_1_203' title='bbox 2433 881 2581 924; x_wconf 82' lang='lat' dir='ltr'>rum</span> <span class='ocrx_word' id='word_1_204' title='bbox 2606 882 2726 947; x_wconf 77' lang='lat' dir='ltr'>per</span> <span class='ocrx_word' id='word_1_205' title='bbox 2767 863 2835 929; x_wconf 92' lang='lat' dir='ltr'><em>V</em></span> <span class='ocrx_word' id='word_1_206' title='bbox 2830 862 3086 929; x_wconf 68' lang='lat' dir='ltr'>aleriam</span> <span class='ocrx_word' id='word_1_207' title='bbox 3141 865 3471 956; x_wconf 68' lang='lat' dir='ltr'>Meffaffam</span> <span class='ocrx_word' id='word_1_208' title='bbox 3501 867 3938 934; x_wconf 69' lang='lat' dir='ltr'>mandantibus</span> 
     </span>
     <span class='ocr_line' id='line_1_43' title="bbox 2433 962 3934 1048; baseline 0.005 -25"><span class='ocrx_word' id='word_1_209' title='bbox 2433 962 2669 1023; x_wconf 76' lang='lat' dir='ltr'>cunctis</span> <span class='ocrx_word' id='word_1_210' title='bbox 2682 1003 2702 1033; x_wconf 89' lang='lat'><strong><em>‚</em></strong></span> <span class='ocrx_word' id='word_1_211' title='bbox 2753 967 2811 1021; x_wconf 73' lang='lat' dir='ltr'>et</span> <span class='ocrx_word' id='word_1_212' title='bbox 2848 963 3077 1044; x_wconf 74' lang='lat' dir='ltr'>senatu</span> <span class='ocrx_word' id='word_1_213' title='bbox 3121 962 3510 1047; x_wconf 73' lang='lat' dir='ltr'>consentiente</span> <span class='ocrx_word' id='word_1_214' title='bbox 3540 983 3673 1026; x_wconf 72' lang='lat' dir='ltr'>cum</span> <span class='ocrx_word' id='word_1_215' title='bbox 3706 966 3934 1048; x_wconf 70' lang='lat' dir='ltr'>populo</span> 
     </span>
     <span class='ocr_line' id='line_1_44' title="bbox 2431 1052 3930 1138; baseline 0.002 -19"><span class='ocrx_word' id='word_1_216' title='bbox 2431 1052 2514 1119; x_wconf 84' lang='lat' dir='ltr'>R.</span> <span class='ocrx_word' id='word_1_217' title='bbox 2617 1054 2918 1138; x_wconf 84' lang='lat' dir='ltr'>Tempus</span> <span class='ocrx_word' id='word_1_218' title='bbox 2951 1072 3089 1120; x_wconf 88' lang='lat' dir='ltr'>non</span> <span class='ocrx_word' id='word_1_219' title='bbox 3129 1056 3384 1121; x_wconf 84' lang='lat' dir='ltr'>definit.</span> <span class='ocrx_word' id='word_1_220' title='bbox 3484 1056 3558 1116; x_wconf 91' lang='lat' dir='ltr'>In</span> <span class='ocrx_word' id='word_1_221' title='bbox 3604 1078 3781 1121; x_wconf 89' lang='lat' dir='ltr'>anno</span> <span class='ocrx_word' id='word_1_222' title='bbox 3837 1062 3930 1122; x_wconf 83' lang='lat' dir='ltr'>iu-</span> 
     </span>
     <span class='ocr_line' id='line_1_45' title="bbox 2434 1150 3930 1217; baseline 0.003 -4"><span class='ocrx_word' id='word_1_223' title='bbox 2434 1150 2728 1213; x_wconf 77' lang='lat' dir='ltr'>dicando</span> <span class='ocrx_word' id='word_1_224' title='bbox 2773 1150 3014 1212; x_wconf 78' lang='lat' dir='ltr'>eruditi</span> <span class='ocrx_word' id='word_1_225' title='bbox 3049 1152 3118 1214; x_wconf 91' lang='lat' dir='ltr'>in</span> <span class='ocrx_word' id='word_1_226' title='bbox 3149 1153 3378 1214; x_wconf 82' lang='lat' dir='ltr'>varias</span> <span class='ocrx_word' id='word_1_227' title='bbox 3413 1150 3645 1214; x_wconf 86' lang='lat' dir='ltr'>abiere</span> <span class='ocrx_word' id='word_1_228' title='bbox 3680 1153 3930 1217; x_wconf 85' lang='lat' dir='ltr'>senten-</span> 
     </span>
     <span class='ocr_line' id='line_1_46' title="bbox 2434 1244 3935 1327; baseline 0.001 -18"><span class='ocrx_word' id='word_1_229' title='bbox 2434 1245 2589 1309; x_wconf 81' lang='lat' dir='ltr'>tias.</span> <span class='ocrx_word' id='word_1_230' title='bbox 2691 1245 2825 1308; x_wconf 87' lang='lat' dir='ltr'>Alii</span> <span class='ocrx_word' id='word_1_231' title='bbox 2872 1244 3134 1327; x_wconf 88' lang='lat' dir='ltr'>aliquot</span> <span class='ocrx_word' id='word_1_232' title='bbox 3175 1246 3379 1309; x_wconf 84' lang='lat' dir='ltr'>serius</span> <span class='ocrx_word' id='word_1_233' title='bbox 3410 1249 3604 1309; x_wconf 86' lang='lat' dir='ltr'>annis</span> <span class='ocrx_word' id='word_1_234' title='bbox 3649 1247 3822 1310; x_wconf 85' lang='lat' dir='ltr'>hunc</span> <span class='ocrx_word' id='word_1_235' title='bbox 3854 1249 3935 1311; x_wconf 86' lang='lat' dir='ltr'>ti-</span> 
     </span>
     <span class='ocr_line' id='line_1_47' title="bbox 2433 1338 3933 1427; baseline 0.002 -24"><span class='ocrx_word' id='word_1_236' title='bbox 2433 1341 2646 1404; x_wconf 88' lang='lat' dir='ltr'>tulum</span> <span class='ocrx_word' id='word_1_237' title='bbox 2680 1338 3004 1403; x_wconf 82' lang='lat' dir='ltr'>collatum</span> <span class='ocrx_word' id='word_1_238' title='bbox 3049 1340 3392 1424; x_wconf 83' lang='lat' dir='ltr'>censuere,</span> <span class='ocrx_word' id='word_1_239' title='bbox 3466 1340 3572 1405; x_wconf 84' lang='lat' dir='ltr'>sed</span> <span class='ocrx_word' id='word_1_240' title='bbox 3620 1362 3790 1427; x_wconf 86' lang='lat' dir='ltr'>quos</span> <span class='ocrx_word' id='word_1_241' title='bbox 3833 1364 3933 1418; x_wconf 61' lang='lat' dir='ltr'>re,-</span> 
     </span>
     <span class='ocr_line' id='line_1_48' title="bbox 2436 1434 3939 1521; baseline 0.004 -23"><span class='ocrx_word' id='word_1_242' title='bbox 2436 1434 2663 1500; x_wconf 86' lang='lat' dir='ltr'>futant</span> <span class='ocrx_word' id='word_1_243' title='bbox 2696 1448 3173 1515; x_wconf 82' lang='lat' dir='ltr'>monumenta,</span> <span class='ocrx_word' id='word_1_244' title='bbox 3240 1457 3413 1521; x_wconf 86' lang='lat' dir='ltr'>quae</span> <span class='ocrx_word' id='word_1_245' title='bbox 3469 1457 3632 1501; x_wconf 77' lang='lat' dir='ltr'>mox</span> <span class='ocrx_word' id='word_1_246' title='bbox 3677 1439 3939 1507; x_wconf 85' lang='lat' dir='ltr'>dabun-</span> 
     </span>
     <span class='ocr_line' id='line_1_49' title="bbox 2437 1532 3938 1625; baseline 0.002 -30"><span class='ocrx_word' id='word_1_247' title='bbox 2437 1544 2568 1597; x_wconf 86' lang='lat' dir='ltr'>tur.</span> <span class='ocrx_word' id='word_1_248' title='bbox 2669 1532 2807 1596; x_wconf 86' lang='lat' dir='ltr'>Alii</span> <span class='ocrx_word' id='word_1_249' title='bbox 2848 1534 2916 1595; x_wconf 90' lang='lat' dir='ltr'>in</span> <span class='ocrx_word' id='word_1_250' title='bbox 2955 1532 3202 1609; x_wconf 80' lang='lat' dir='ltr'>multos</span> <span class='ocrx_word' id='word_1_251' title='bbox 3246 1552 3460 1597; x_wconf 80' lang='lat' dir='ltr'>annos</span> <span class='ocrx_word' id='word_1_252' title='bbox 3521 1545 3702 1625; x_wconf 78' lang='lat' dir='ltr'>retro</span> <span class='ocrx_word' id='word_1_253' title='bbox 3736 1535 3938 1619; x_wconf 79' lang='lat' dir='ltr'>gressi</span> 
     </span>
     <span class='ocr_line' id='line_1_50' title="bbox 2436 1629 3938 1707; baseline 0.001 -15"><span class='ocrx_word' id='word_1_254' title='bbox 2436 1629 2584 1692; x_wconf 84' lang='lat' dir='ltr'>sunt</span> <span class='ocrx_word' id='word_1_255' title='bbox 2628 1629 3034 1691; x_wconf 83' lang='lat' dir='ltr'>auctoritate</span> <span class='ocrx_word' id='word_1_256' title='bbox 3091 1646 3240 1690; x_wconf 86' lang='lat' dir='ltr'>cum</span> <span class='ocrx_word' id='word_1_257' title='bbox 3290 1640 3699 1691; x_wconf 75' lang='lat' dir='ltr'>marmorum</span> <span class='ocrx_word' id='word_1_258' title='bbox 3735 1677 3755 1707; x_wconf 91' lang='lat'><strong>‚</strong></span> <span class='ocrx_word' id='word_1_259' title='bbox 3825 1630 3938 1693; x_wconf 88' lang='lat' dir='ltr'>sed</span> 
     </span>
     <span class='ocr_line' id='line_1_51' title="bbox 2433 1723 3933 1808; baseline 0.001 -22"><span class='ocrx_word' id='word_1_260' title='bbox 2433 1723 2677 1786; x_wconf 83' lang='lat' dir='ltr'>vitiose</span> <span class='ocrx_word' id='word_1_261' title='bbox 2729 1723 3206 1808; x_wconf 81' lang='lat' dir='ltr'>descriptorum</span> <span class='ocrx_word' id='word_1_262' title='bbox 3244 1768 3263 1799; x_wconf 94' lang='lat'>‚</span> <span class='ocrx_word' id='word_1_263' title='bbox 3342 1735 3486 1785; x_wconf 88' lang='lat' dir='ltr'>tum</span> <span class='ocrx_word' id='word_1_264' title='bbox 3535 1743 3933 1803; x_wconf 81' lang='lat' dir='ltr'>numerum,</span> 
     </span>
     <span class='ocr_line' id='line_1_52' title="bbox 2432 1815 3934 1905; baseline 0.003 -26"><span class='ocrx_word' id='word_1_265' title='bbox 2432 1817 2542 1881; x_wconf 83' lang='lat' dir='ltr'>sed</span> <span class='ocrx_word' id='word_1_266' title='bbox 2587 1815 3145 1894; x_wconf 82' lang='lat' dir='ltr'>Goltzianorum,</span> <span class='ocrx_word' id='word_1_267' title='bbox 3215 1820 3285 1881; x_wconf 82' lang='lat' dir='ltr'>in</span> <span class='ocrx_word' id='word_1_268' title='bbox 3347 1818 3586 1901; x_wconf 90' lang='lat' dir='ltr'>quibus</span> <span class='ocrx_word' id='word_1_269' title='bbox 3645 1820 3934 1905; x_wconf 80' lang='lat' dir='ltr'>Augusto</span> 
     </span>
     <span class='ocr_line' id='line_1_53' title="bbox 2427 1912 3934 2001; baseline 0.001 -25"><span class='ocrx_word' id='word_1_270' title='bbox 2427 1917 2571 1997; x_wconf 88' lang='lat' dir='ltr'>jam</span> <span class='ocrx_word' id='word_1_271' title='bbox 2609 1913 3058 1976; x_wconf 86' lang='lat' dir='ltr'>in&#39;consulatu</span> <span class='ocrx_word' id='word_1_272' title='bbox 3106 1914 3191 1980; x_wconf 91' lang='lat' dir='ltr'><strong><em>V.</em></strong></span> <span class='ocrx_word' id='word_1_273' title='bbox 3227 1913 3332 1975; x_wconf 82' lang='lat' dir='ltr'>seu</span> <span class='ocrx_word' id='word_1_274' title='bbox 3370 1917 3455 1979; x_wconf 89' lang='lat' dir='ltr'><strong><em>V.</em></strong></span> <span class='ocrx_word' id='word_1_275' title='bbox 3507 1912 3580 1977; x_wconf 93' lang='lat' dir='ltr'>C.</span> <span class='ocrx_word' id='word_1_276' title='bbox 3633 1933 3767 1997; x_wconf 83' lang='lat'>725</span> <span class='ocrx_word' id='word_1_277' title='bbox 3813 1919 3934 2001; x_wconf 59' lang='lat' dir='ltr'>pai</span> 
     </span>
     <span class='ocr_line' id='line_1_54' title="bbox 2431 2007 3935 2093; baseline 0.001 -22"><span class='ocrx_word' id='word_1_278' title='bbox 2431 2010 2557 2071; x_wconf 85' lang='lat' dir='ltr'>tris</span> <span class='ocrx_word' id='word_1_279' title='bbox 2592 2010 2857 2093; x_wconf 86' lang='lat' dir='ltr'>patriae</span> <span class='ocrx_word' id='word_1_280' title='bbox 2895 2009 3128 2072; x_wconf 84' lang='lat' dir='ltr'>titulus</span> <span class='ocrx_word' id='word_1_281' title='bbox 3167 2007 3548 2092; x_wconf 84' lang='lat' dir='ltr'>adfingitur.</span> <span class='ocrx_word' id='word_1_282' title='bbox 3650 2008 3776 2072; x_wconf 89' lang='lat' dir='ltr'>Cui</span> <span class='ocrx_word' id='word_1_283' title='bbox 3801 2008 3935 2074; x_wconf 79' lang='lat' dir='ltr'>sen·</span> 
     </span>
     <span class='ocr_line' id='line_1_55' title="bbox 2432 2098 3933 2168; baseline 0.001 -2"><span class='ocrx_word' id='word_1_284' title='bbox 2432 2106 2685 2167; x_wconf 87' lang='lat' dir='ltr'>tentiae</span> <span class='ocrx_word' id='word_1_285' title='bbox 2721 2102 2838 2167; x_wconf 86' lang='lat' dir='ltr'>etIi</span> <span class='ocrx_word' id='word_1_286' title='bbox 2871 2116 3301 2166; x_wconf 86' lang='lat' dir='ltr'>monumenta</span> <span class='ocrx_word' id='word_1_287' title='bbox 3338 2104 3479 2167; x_wconf 85' lang='lat' dir='ltr'>alia</span> <span class='ocrx_word' id='word_1_288' title='bbox 3516 2103 3763 2167; x_wconf 82' lang='lat' dir='ltr'>fincera</span> <span class='ocrx_word' id='word_1_289' title='bbox 3812 2098 3933 2168; x_wconf 84' lang='lat' dir='ltr'>ad·</span> 
     </span>
     <span class='ocr_line' id='line_1_56' title="bbox 2427 2198 3933 2274; baseline -0.001 -10"><span class='ocrx_word' id='word_1_290' title='bbox 2427 2201 2871 2274; x_wconf 80' lang='lat' dir='ltr'>versarentur,</span> <span class='ocrx_word' id='word_1_291' title='bbox 2924 2198 3268 2262; x_wconf 74' lang='lat' dir='ltr'>malebant</span> <span class='ocrx_word' id='word_1_292' title='bbox 3306 2211 3531 2262; x_wconf 88' lang='lat' dir='ltr'>tamen</span> <span class='ocrx_word' id='word_1_293' title='bbox 3564 2200 3806 2262; x_wconf 87' lang='lat' dir='ltr'>eruditi</span> <span class='ocrx_word' id='word_1_294' title='bbox 3838 2201 3933 2263; x_wconf 68' lang='lat' dir='ltr'>n‘i·</span> 
     </span>
     <span class='ocr_line' id='line_1_57' title="bbox 2429 2282 3931 2380; baseline -0.001 -21"><span class='ocrx_word' id='word_1_295' title='bbox 2429 2296 2572 2361; x_wconf 86' lang='lat' dir='ltr'>mio</span> <span class='ocrx_word' id='word_1_296' title='bbox 2602 2293 3017 2380; x_wconf 80' lang='lat' dir='ltr'>indulgentes</span> <span class='ocrx_word' id='word_1_297' title='bbox 3043 2282 3402 2377; x_wconf 76' lang='lat' dir='ltr'>speciosam</span> <span class='ocrx_word' id='word_1_298' title='bbox 3440 2292 3736 2378; x_wconf 83' lang='lat' dir='ltr'>aliquam</span> <span class='ocrx_word' id='word_1_299' title='bbox 3778 2313 3931 2358; x_wconf 84' lang='lat' dir='ltr'>cau·</span> 
     </span>
     <span class='ocr_line' id='line_1_58' title="bbox 2428 2388 3930 2474; baseline -0.001 -22"><span class='ocrx_word' id='word_1_300' title='bbox 2428 2392 2569 2454; x_wconf 81' lang='lat' dir='ltr'>sam</span> <span class='ocrx_word' id='word_1_301' title='bbox 2617 2390 2822 2453; x_wconf 84' lang='lat' dir='ltr'>delati</span> <span class='ocrx_word' id='word_1_302' title='bbox 2860 2392 2997 2469; x_wconf 88' lang='lat' dir='ltr'>jam</span> <span class='ocrx_word' id='word_1_303' title='bbox 3039 2402 3172 2450; x_wconf 88' lang='lat' dir='ltr'>tum</span> <span class='ocrx_word' id='word_1_304' title='bbox 3212 2393 3351 2470; x_wconf 87' lang='lat' dir='ltr'>ejus</span> <span class='ocrx_word' id='word_1_305' title='bbox 3393 2388 3671 2451; x_wconf 85' lang='lat' dir='ltr'>honoris</span> <span class='ocrx_word' id='word_1_306' title='bbox 3737 2410 3930 2474; x_wconf 89' lang='lat' dir='ltr'>repe·</span> 
     </span>
     <span class='ocr_line' id='line_1_59' title="bbox 2428 2481 3930 2567; baseline -0.003 -18"><span class='ocrx_word' id='word_1_307' title='bbox 2428 2487 2617 2562; x_wconf 86' lang='lat' dir='ltr'>rire,</span> <span class='ocrx_word' id='word_1_308' title='bbox 2672 2505 2841 2567; x_wconf 87' lang='lat' dir='ltr'>quos</span> <span class='ocrx_word' id='word_1_309' title='bbox 2913 2486 3085 2548; x_wconf 87' lang='lat' dir='ltr'>inter</span> <span class='ocrx_word' id='word_1_310' title='bbox 3171 2481 3304 2547; x_wconf 85' lang='lat' dir='ltr'>fuit</span> <span class='ocrx_word' id='word_1_311' title='bbox 3384 2485 3815 2563; x_wconf 76' lang='lat' dir='ltr'>PerIzonius,</span> <span class='ocrx_word' id='word_1_312' title='bbox 3866 2483 3930 2567; x_wconf 76' lang='lat'>⁸)</span> 
     </span>
     <span class='ocr_line' id='line_1_60' title="bbox 2433 2575 3948 2664; baseline -0.001 -21"><span class='ocrx_word' id='word_1_313' title='bbox 2433 2598 2640 2664; x_wconf 86' lang='lat' dir='ltr'>quam</span> <span class='ocrx_word' id='word_1_314' title='bbox 2677 2579 2984 2643; x_wconf 83' lang='lat' dir='ltr'>obtrusos</span> <span class='ocrx_word' id='word_1_315' title='bbox 3027 2575 3262 2642; x_wconf 80' lang='lat' dir='ltr'>sinistre</span> <span class='ocrx_word' id='word_1_316' title='bbox 3297 2578 3425 2641; x_wconf 83' lang='lat' dir='ltr'>hos</span> <span class='ocrx_word' id='word_1_317' title='bbox 3470 2598 3713 2642; x_wconf 83' lang='lat' dir='ltr'>numos</span> <span class='ocrx_word' id='word_1_318' title='bbox 3757 2580 3948 2642; x_wconf 82' lang='lat' dir='ltr'>inter·</span> 
     </span>
     <span class='ocr_line' id='line_1_61' title="bbox 2434 2673 3940 2748; baseline 0 -8"><span class='ocrx_word' id='word_1_319' title='bbox 2434 2675 2849 2740; x_wconf 82' lang='lat' dir='ltr'>adulterinos</span> <span class='ocrx_word' id='word_1_320' title='bbox 2887 2675 3183 2738; x_wconf 79' lang='lat' dir='ltr'>amoliri.</span> <span class='ocrx_word' id='word_1_321' title='bbox 3282 2679 3370 2748; x_wconf 80' lang='lat' dir='ltr'>At</span> <span class='ocrx_word' id='word_1_322' title='bbox 3434 2673 3730 2739; x_wconf 74' lang='lat' dir='ltr'>Neritius</span> <span class='ocrx_word' id='word_1_323' title='bbox 3799 2675 3940 2741; x_wconf 85' lang='lat' dir='ltr'>hoc</span> 
     </span>
     <span class='ocr_line' id='line_1_62' title="bbox 2434 2767 3945 2855; baseline 0.001 -22"><span class='ocrx_word' id='word_1_324' title='bbox 2434 2772 2703 2834; x_wconf 86' lang='lat' dir='ltr'>demum</span> <span class='ocrx_word' id='word_1_325' title='bbox 2779 2789 2958 2834; x_wconf 87' lang='lat' dir='ltr'>anno</span> <span class='ocrx_word' id='word_1_326' title='bbox 3048 2791 3201 2833; x_wconf 85' lang='lat' dir='ltr'>eum</span> <span class='ocrx_word' id='word_1_327' title='bbox 3252 2767 3537 2855; x_wconf 77' lang='lat' dir='ltr'>Augusto</span> <span class='ocrx_word' id='word_1_328' title='bbox 3600 2771 3945 2835; x_wconf 77' lang='lat' dir='ltr'>accessisse</span> 
     </span>
     <span class='ocr_line' id='line_1_63' title="bbox 2435 2862 3942 2950; baseline -0.001 -19"><span class='ocrx_word' id='word_1_329' title='bbox 2435 2867 2778 2931; x_wconf 88' lang='lat' dir='ltr'>contendit</span> <span class='ocrx_word' id='word_1_330' title='bbox 2812 2916 2833 2949; x_wconf 92' lang='lat'><strong>,</strong></span> <span class='ocrx_word' id='word_1_331' title='bbox 2901 2864 3047 2929; x_wconf 87' lang='lat' dir='ltr'>usus</span> <span class='ocrx_word' id='word_1_332' title='bbox 3129 2866 3493 2950; x_wconf 81' lang='lat' dir='ltr'>praecipue</span> <span class='ocrx_word' id='word_1_333' title='bbox 3555 2862 3942 2949; x_wconf 77' lang='lat' dir='ltr'>fragmento</span> 
     </span>
     <span class='ocr_line' id='line_1_64' title="bbox 2435 2953 3940 3046; baseline -0.002 -20"><span class='ocrx_word' id='word_1_334' title='bbox 2435 2962 2828 3026; x_wconf 81' lang='lat' dir='ltr'>Kalendarii</span> <span class='ocrx_word' id='word_1_335' title='bbox 2869 2963 3114 3025; x_wconf 86' lang='lat' dir='ltr'>veteris</span> <span class='ocrx_word' id='word_1_336' title='bbox 3150 2957 3496 3023; x_wconf 85' lang='lat' dir='ltr'>Praeneste</span> <span class='ocrx_word' id='word_1_337' title='bbox 3532 2963 3818 3046; x_wconf 79' lang='lat' dir='ltr'>reperti,</span> <span class='ocrx_word' id='word_1_338' title='bbox 3871 2953 3940 3043; x_wconf 54' lang='grc' dir='ltr'>ἃ)</span> 
     </span>
     <span class='ocr_line' id='line_1_65' title="bbox 2433 3046 3390 3142; baseline -0.002 -21"><span class='ocrx_word' id='word_1_339' title='bbox 2433 3060 2501 3121; x_wconf 89' lang='lat' dir='ltr'>in</span> <span class='ocrx_word' id='word_1_340' title='bbox 2543 3078 2677 3141; x_wconf 91' lang='lat' dir='ltr'>quo</span> <span class='ocrx_word' id='word_1_341' title='bbox 2711 3058 2954 3142; x_wconf 83' lang='lat' dir='ltr'>legitur</span> <span class='ocrx_word' id='word_1_342' title='bbox 2983 3078 3003 3119; x_wconf 74' lang='lat' dir='ltr'>t</span> <span class='ocrx_word' id='word_1_343' title='bbox 3367 3046 3390 3062; x_wconf 79' lang='lat'><strong><em>‘</em></strong></span> 
     </span>
    </p>

    <p class='ocr_par' dir='ltr' id='par_1_21' title="bbox 2431 3148 3964 4293">
     <span class='ocr_line' id='line_1_66' title="bbox 2431 3148 3945 3219; baseline -0.001 -2"><span class='ocrx_word' id='word_1_344' title='bbox 2431 3154 2646 3217; x_wconf 83' lang='lat' dir='ltr'><strong><em>NON.</em></strong></span> <span class='ocrx_word' id='word_1_345' title='bbox 2688 3152 2769 3216; x_wconf 90' lang='lat' dir='ltr'>N.</span> <span class='ocrx_word' id='word_1_346' title='bbox 2821 3151 3433 3219; x_wconf 84' lang='lat' dir='ltr'><strong><em>CONCORDIAE.</em></strong></span> <span class='ocrx_word' id='word_1_347' title='bbox 3491 3149 3608 3219; x_wconf 86' lang='lat' dir='ltr'>IN.</span> <span class='ocrx_word' id='word_1_348' title='bbox 3692 3148 3945 3215; x_wconf 75' lang='lat' dir='ltr'><strong><em>ARCE</em></strong></span> 
     </span>
     <span class='ocr_line' id='line_1_67' title="bbox 2529 3245 3837 3328; baseline -0.003 -17"><span class='ocrx_word' id='word_1_349' title='bbox 2529 3250 2878 3313; x_wconf 85' lang='lat' dir='ltr'><strong><em>FERIAE.</em></strong></span> <span class='ocrx_word' id='word_1_350' title='bbox 2917 3247 3059 3313; x_wconf 83' lang='lat' dir='ltr'><strong><em>Ex.</em></strong></span> <span class='ocrx_word' id='word_1_351' title='bbox 3099 3249 3165 3312; x_wconf 93' lang='lat' dir='ltr'>S.</span> <span class='ocrx_word' id='word_1_352' title='bbox 3226 3247 3305 3313; x_wconf 88' lang='lat' dir='ltr'>C.</span> <span class='ocrx_word' id='word_1_353' title='bbox 3355 3248 3639 3328; x_wconf 84' lang='lat' dir='ltr'><strong><em>QVOD.</em></strong></span> <span class='ocrx_word' id='word_1_354' title='bbox 3716 3245 3837 3308; x_wconf 84' lang='lat' dir='ltr'>EO</span> 
     </span>
     <span class='ocr_line' id='line_1_68' title="bbox 2434 3338 3949 3408; baseline -0.002 0"><span class='ocrx_word' id='word_1_355' title='bbox 2434 3345 2611 3408; x_wconf 88' lang='lat' dir='ltr'><strong><em>DIE.</em></strong></span> <span class='ocrx_word' id='word_1_356' title='bbox 2648 3344 3209 3407; x_wconf 86' lang='lat' dir='ltr'><strong><em>IMPERATOR.</em></strong></span> <span class='ocrx_word' id='word_1_357' title='bbox 3255 3341 3624 3405; x_wconf 84' lang='lat' dir='ltr'><strong><em>CAESAR.</em></strong></span> <span class='ocrx_word' id='word_1_358' title='bbox 3684 3338 3949 3405; x_wconf 86' lang='lat' dir='ltr'><strong><em>AVGV</em></strong></span> 
     </span>
     <span class='ocr_line' id='line_1_69' title="bbox 2627 3419 3743 3503; baseline -0.003 0"><span class='ocrx_word' id='word_1_359' title='bbox 2627 3440 2870 3503; x_wconf 85' lang='lat' dir='ltr'><strong><em>STVS.</em></strong></span> <span class='ocrx_word' id='word_1_360' title='bbox 2935 3437 3418 3502; x_wconf 76' lang='lat' dir='ltr'><strong><em>PONTlFEx.</em></strong></span> <span class='ocrx_word' id='word_1_361' title='bbox 3507 3419 3743 3500; x_wconf 70' lang='lat' dir='ltr'>MAxl</span> 
     </span>
     <span class='ocr_line' id='line_1_70' title="bbox 2435 3529 3954 3601; baseline -0.003 0"><span class='ocrx_word' id='word_1_362' title='bbox 2435 3535 2644 3601; x_wconf 89' lang='lat' dir='ltr'><strong><em>MVS.</em></strong></span> <span class='ocrx_word' id='word_1_363' title='bbox 2669 3529 2907 3598; x_wconf 85' lang='lat' dir='ltr'><strong><em>TRIB.</em></strong></span> <span class='ocrx_word' id='word_1_364' title='bbox 2936 3533 3313 3596; x_wconf 90' lang='lat' dir='ltr'><strong><em>POTEST.</em></strong></span> <span class='ocrx_word' id='word_1_365' title='bbox 3340 3534 3516 3594; x_wconf 87' lang='lat' dir='ltr'><strong><em>XXI.</em></strong></span> <span class='ocrx_word' id='word_1_366' title='bbox 3537 3530 3727 3598; x_wconf 89' lang='lat' dir='ltr'><strong><em>COS.</em></strong></span> <span class='ocrx_word' id='word_1_367' title='bbox 3752 3531 3954 3597; x_wconf 83' lang='lat' dir='ltr'><strong><em>xm.</em></strong></span> 
     </span>
     <span class='ocr_line' id='line_1_71' title="bbox 2723 3627 3649 3709; baseline -0.002 -16"><span class='ocrx_word' id='word_1_368' title='bbox 2723 3635 2805 3693; x_wconf 86' lang='lat' dir='ltr'>A.</span> <span class='ocrx_word' id='word_1_369' title='bbox 2847 3630 3226 3693; x_wconf 88' lang='lat' dir='ltr'><strong><em>SENATV.</em></strong></span> <span class='ocrx_word' id='word_1_370' title='bbox 3286 3627 3649 3709; x_wconf 78' lang='lat' dir='ltr'><strong><em>POPVLO</em></strong></span> 
     </span>
     <span class='ocr_line' id='line_1_72' title="bbox 2484 3723 3909 3809; baseline -0.001 -18"><span class='ocrx_word' id='word_1_371' title='bbox 2484 3726 2687 3809; x_wconf 83' lang='lat' dir='ltr'><strong><em>QVE.</em></strong></span> <span class='ocrx_word' id='word_1_372' title='bbox 2719 3723 3138 3790; x_wconf 86' lang='lat' dir='ltr'><strong><em>ROMANO.</em></strong></span> <span class='ocrx_word' id='word_1_373' title='bbox 3158 3724 3481 3786; x_wconf 88' lang='lat' dir='ltr'><strong><em>PATER.</em></strong></span> <span class='ocrx_word' id='word_1_374' title='bbox 3497 3723 3909 3789; x_wconf 82' lang='lat' dir='ltr'><strong><em>PATRIAE</em></strong></span> 
     </span>
     <span class='ocr_line' id='line_1_73' title="bbox 2925 3813 3506 3882; baseline 0.002 -1"><span class='ocrx_word' id='word_1_375' title='bbox 2925 3813 3396 3882; x_wconf 77' lang='lat' dir='ltr'><strong><em>APPELLAT</em></strong></span> <span class='ocrx_word' id='word_1_376' title='bbox 3403 3818 3506 3882; x_wconf 90' lang='lat' dir='ltr'>VS</span> 
     </span>
     <span class='ocr_line' id='line_1_74' title="bbox 2436 3914 3958 4001; baseline 0 -19"><span class='ocrx_word' id='word_1_377' title='bbox 2436 3917 2598 4001; x_wconf 86' lang='lat' dir='ltr'>Legi</span> <span class='ocrx_word' id='word_1_378' title='bbox 2640 3915 2903 3996; x_wconf 77' lang='lat' dir='ltr'>poss&#39;unt</span> <span class='ocrx_word' id='word_1_379' title='bbox 2966 3925 3358 3999; x_wconf 75' lang='lat' dir='ltr'>argumenta</span> <span class='ocrx_word' id='word_1_380' title='bbox 3400 3917 3540 3977; x_wconf 87' lang='lat' dir='ltr'>alia</span> <span class='ocrx_word' id='word_1_381' title='bbox 3573 3936 3624 3979; x_wconf 80' lang='lat' dir='ltr'>a</span> <span class='ocrx_word' id='word_1_382' title='bbox 3675 3914 3958 3982; x_wconf 79' lang='lat' dir='ltr'>Noriflo</span> 
     </span>
     <span class='ocr_line' id='line_1_75' title="bbox 2441 4012 3960 4097; baseline -0.001 -21"><span class='ocrx_word' id='word_1_383' title='bbox 2441 4013 2680 4078; x_wconf 88' lang='lat' dir='ltr'>eodem</span> <span class='ocrx_word' id='word_1_384' title='bbox 2721 4012 2876 4075; x_wconf 87' lang='lat' dir='ltr'>loco</span> <span class='ocrx_word' id='word_1_385' title='bbox 2925 4024 3328 4097; x_wconf 77' lang='lat' dir='ltr'>memorata,</span> <span class='ocrx_word' id='word_1_386' title='bbox 3381 4022 3583 4093; x_wconf 84' lang='lat' dir='ltr'>atque</span> <span class='ocrx_word' id='word_1_387' title='bbox 3611 4031 3744 4075; x_wconf 84' lang='lat' dir='ltr'>una</span> <span class='ocrx_word' id='word_1_388' title='bbox 3784 4032 3960 4075; x_wconf 84' lang='lat' dir='ltr'>con·</span> 
     </span>
     <span class='ocr_line' id='line_1_76' title="bbox 2441 4097 3964 4193; baseline 0.001 -23"><span class='ocrx_word' id='word_1_389' title='bbox 2441 4108 2648 4192; x_wconf 81' lang='lat' dir='ltr'>ferri,</span> <span class='ocrx_word' id='word_1_390' title='bbox 2702 4097 2894 4193; x_wconf 82' lang='lat' dir='ltr'>quae</span> <span class='ocrx_word' id='word_1_391' title='bbox 2927 4107 3012 4169; x_wconf 90' lang='lat' dir='ltr'>de</span> <span class='ocrx_word' id='word_1_392' title='bbox 3066 4105 3195 4169; x_wconf 85' lang='lat' dir='ltr'>hoc</span> <span class='ocrx_word' id='word_1_393' title='bbox 3242 4104 3625 4193; x_wconf 82' lang='lat' dir='ltr'>fragmento</span> <span class='ocrx_word' id='word_1_394' title='bbox 3680 4109 3964 4172; x_wconf 75' lang='lat' dir='ltr'>erudite</span> 
     </span>
     <span class='ocr_line' id='line_1_77' title="bbox 2446 4198 3926 4293; baseline -0.003 -26"><span class='ocrx_word' id='word_1_395' title='bbox 2446 4205 2695 4267; x_wconf 72' lang='lat' dir='ltr'>differit</span> <span class='ocrx_word' id='word_1_396' title='bbox 2739 4201 3127 4291; x_wconf 69' lang='lat' dir='ltr'>Fogginiust.</span> <span class='ocrx_word' id='word_1_397' title='bbox 3180 4198 3240 4282; x_wconf 55' lang='grc' dir='ltr'>θ)</span> <span class='ocrx_word' id='word_1_398' title='bbox 3388 4211 3392 4216; x_wconf 85' lang='grc'><strong>’</strong></span> <span class='ocrx_word' id='word_1_399' title='bbox 3710 4283 3726 4293; x_wconf 82' lang='lat'>.</span> <span class='ocrx_word' id='word_1_400' title='bbox 3913 4205 3926 4212; x_wconf 85' lang='grc'><em>“</em></span> 
     </span>
    </p>

    <p class='ocr_par' dir='ltr' id='par_1_22' title="bbox 2541 4296 4000 4386">
     <span class='ocr_line' id='line_1_78' title="bbox 2541 4296 4000 4386; baseline -0.001 -24"><span class='ocrx_word' id='word_1_401' title='bbox 2541 4300 2899 4386; x_wconf 86' lang='lat' dir='ltr'>Inscriptus</span> <span class='ocrx_word' id='word_1_402' title='bbox 2919 4296 3146 4364; x_wconf 80' lang='lat' dir='ltr'>illustri</span> <span class='ocrx_word' id='word_1_403' title='bbox 3164 4297 3317 4362; x_wconf 85' lang='lat' dir='ltr'>huic</span> <span class='ocrx_word' id='word_1_404' title='bbox 3335 4309 3771 4362; x_wconf 85' lang='lat' dir='ltr'>monumento</span> <span class='ocrx_word' id='word_1_405' title='bbox 3793 4316 3972 4368; x_wconf 80' lang='lat' dir='ltr'>con·</span> <span class='ocrx_word' id='word_1_406' title='bbox 3993 4325 4000 4330; x_wconf 91' lang='lat'><strong>·</strong></span> 
     </span>
    </p>
   </div>
   <div class='ocr_carea' id='block_1_20' title="bbox 3163 4531 3980 4604">
    <p class='ocr_par' dir='ltr' id='par_1_23' title="bbox 3163 4531 3980 4604">
     <span class='ocr_line' id='line_1_79' title="bbox 3163 4531 3980 4604; baseline -0.002 -15"><span class='ocrx_word' id='word_1_407' title='bbox 3163 4535 3224 4604; x_wconf 84' lang='lat' dir='ltr'>d)</span> <span class='ocrx_word' id='word_1_408' title='bbox 3264 4536 3464 4597; x_wconf 79' lang='lat' dir='ltr'>Cenot.</span> <span class='ocrx_word' id='word_1_409' title='bbox 3502 4531 3607 4594; x_wconf 76' lang='lat' dir='ltr'><strong><em>Pir.</em></strong></span> <span class='ocrx_word' id='word_1_410' title='bbox 3641 4531 3756 4588; x_wconf 75' lang='lat' dir='ltr'><strong><em>diff.</em></strong></span> <span class='ocrx_word' id='word_1_411' title='bbox 3792 4533 3871 4587; x_wconf 88' lang='lat'><strong><em>11.</em></strong></span> <span class='ocrx_word' id='word_1_412' title='bbox 3919 4552 3980 4592; x_wconf 77' lang='lat' dir='ltr'>e.</span> 
     </span>
    </p>
   </div>
   <div class='ocr_carea' id='block_1_21' title="bbox 4189 735 4194 1271">
    <p class='ocr_par' dir='ltr' id='par_1_24' title="bbox 4189 735 4194 1271">
     <span class='ocr_line' id='line_1_80' title="bbox 4189 735 4194 1271; baseline 0 0"><span class='ocrx_word' id='word_1_413' title='bbox 4189 735 4194 1271; x_wconf 95' lang='lat' dir='ltr'> </span> 
     </span>
    </p>
   </div>
  </div>
 </body>
</html>
