4225 5450
740 545 901 617 268
964 575 973 585 .

773 733 929 798 dein
971 743 1237 803 ceterae
1294 745 1525 819 gentes
1579 732 1848 817 publice
1886 733 2269 798 celebrave-

772 849 881 910 re,
933 847 1094 891 mox
1130 827 1351 892 factus
1374 833 1612 892 iterum
1653 830 1760 892 vir
1777 828 2067 911 Sporum
2111 852 2274 916 pue-

771 944 919 986 rum
948 924 1306 1000 libertum,
1371 926 1553 1007 quod
1626 922 1807 986 facie
1873 923 2271 1008 Poppaeam
2367 950 2376 957 ·

722 1038 739 1045 ·
774 1017 1091 1104 proxime
1124 1015 1443 1099 referret,
1496 1036 1778 1080 uxorem
1856 1020 2149 1081 duceret.
2205 1016 2276 1097 ⁸)

775 1112 945 1175 Cum
984 1123 1271 1175 mortem
1314 1112 1428 1176 fibi
1486 1112 1882 1177 consciscere
1946 1125 2219 1195 pararet
2251 1118 2284 1190 ,⁶

762 1206 976 1294 proh!
1021 1207 1503 1292 ingeminabat,-
1551 1207 1754 1294 quatis
1782 1208 2023 1293 artifex
2044 1204 2279 1292 pereo!
2334 1248 2344 1262 ·

772 1300 1143 1367 Monstrum
1185 1314 1293 1366 tot
1347 1306 1532 1366 vitiis
1574 1301 1831 1365 infame
1888 1303 2273 1366 funeratum
2356 1295 2437 1375 D

768 1410 997 1461 tamen
1030 1396 1382 1481 magnifice
1421 1397 1509 1461 est
1539 1420 1580 1462 a
1611 1395 1835 1460 Galba
1855 1448 1877 1481 ‚
1924 1399 2276 1482 reliquias·

772 1513 903 1578 que
933 1492 1309 1556 concubina
1342 1498 1508 1557 Acte
1535 1495 1605 1555 in
1642 1493 2099 1556 Domitiorum
2133 1512 2275 1555 mo·

769 1598 1091 1659 numento
1127 1587 1449 1649 condidit.
1549 1590 1740 1652 Haec
1764 1588 1984 1671 sparsa
2027 1590 2273 1672 reperi-

773 1701 846 1744 es
935 1683 1119 1767 apud
1178 1682 1497 1745 Tacitum
1527 1730 1545 1760 ‚
1608 1682 2040 1761 Suetonium,
2106 1684 2274 1745 Dio·

770 1796 949 1840 nem.

871 1864 1193 1934 Postremi
1251 1869 1447 1958 hujus
1487 1874 1642 1938 anni
1692 1874 1876 1936 numi
1924 1873 2106 1936 'certi
2161 1873 2272 1936 de-

776 1968 941 2030 sunt.

1324 2159 1526 2227 Numi
1572 2165 1747 2247 vagi.

872 2350 964 2414 l-li
1001 2352 1303 2436 plerique
1335 2354 1530 2417 aenei
1569 2356 1747 2416 notis
1780 2352 2050 2445 qnjidem
2084 2352 2278 2418 chro-

776 2446 1106 2532 nologicis
1150 2444 1620 2529 destituuntur,
1667 2460 1895 2510 tamen
1934 2469 2066 2512 non
2113 2469 2277 2533 pau·

778 2560 861 2606 ca
895 2544 983 2604 ad
1022 2542 1308 2605 Neronis
1333 2540 1671 2621 historiam
1716 2544 2078 2624 continent,
2106 2562 2276 2626 quos

768 2636 888 2701 hic
937 2638 1187 2700 ordine
1242 2636 1677 2720 alphabetico
1724 2638 2016 2721 partium
2084 2657 2276 2700 aver·

770 2733 998 2795 sarum
1031 2731 1282 2794 additis
1332 2731 2020 2793 animadverlionibus
2086 2732 2275 2812 subji-

774 2826 886 2886 cio
916 2823 1237 2909 neglectis
1281 2824 1617 2886 nonnullis
1659 2826 1885 2908 typis,
1936 2839 2005 2888 et
2055 2826 2275 2888 inscri-

774 2916 1120 3002 ptionibus
1147 2915 1696 3002 ignobilioribus.

728 3137 741 3166 ι
775 3099 877 3172 A.
1072 3107 1343 3172 NERO.
1389 3106 1864 3175 CLAVDIVS.
1902 3109 2274 3178 CAESAR.

1062 3200 1273 3266 AVG.
1358 3202 1759 3269 GERM..P.
1804 3207 1903 3268 M.
1967 3208 2115 3272 TR.
2200 3209 2275 3287 P.

1061 3297 1255 3365 IMP.
1316 3298 1395 3362 P.
1452 3300 1530 3364 P.
1605 3299 1806 3385 Caput
1892 3300 2238 3367 laureatum
2255 3350 2276 3378 ‚

1062 3391 1213 3457 vel:

774 3478 865 3553 Β.
982 3541 989 3544 .
1055 3486 2277 3556 NERO.C·LAVD.CAESAR.AV‘G.

1062 3578 1268 3647 GER.
1303 3584 1380 3647 P.
1409 3584 1509 3646 M.
1544 3585 1692 3651 ΤΒ.
1719 3587 1813 3656 Ρ.
1854 3587 2045 3650 ΙΜΡ.
2085 3587 2275 3650 1²:1³.

860 3733 871 3742 .
1061 3675 1264 3761 Caput
1280 3679 1645 3743 laureatum.

775 3765 1241 3838 ADLoch.
1282 3771 1492 3836 COH.
1535 3774 1603 3836 S.
1652 3772 1728 3836 C.
1768 3780 1860 3853 (in
1897 3776 2188 3864 aliis-fine
2206 3776 2274 3840 S..

772 3865 895 3948 C.)
941 3867 1300 3952 Imperator
1353 3877 1614 3952 togatus
1664 3872 1744 3932 ‘in
1770 3871 2063 3956 suggestu
2092 3874 2277 3956 stans

776 3961 904 4028 alia
930 3971 1106 4027 retro
1124 3961 1355 4048 'figura
1368 3966 1572 4050 flante
1610 3973 1740 4029 tres
1775 3967 2001 4030 milites
2042 3985 2175 4030 cum
2187 3968 2278 4052 yi-

769 4062 923 4142 gm‘s
941 4056 1338 4140 [militaribus
1372 4059 1681 4146 afflantes
1726 4060 2099 4145 adloquitur.
2201 4061 2279 4123 ln
2313 4061 2334 4082 ⁸

775 4154 930 4217 aliis
956 4161 1286 4240 praeterea
1321 4154 1654 4242 aedfficium
1692 4155 1989 4240 calamonis
2015 4154 2274 4240 fultum.

850 4443 908 4506 a)
948 4443 1084 4495 Tac.
1134 4444 1283 4518 Ann.
1324 4433 1461 4497 ΧΨ.
1487 4457 1573 4510 37.
1644 4441 1757 4494 Dio
1793 4442 1858 4493 L.
1895 4423 2083 4506 ijn.
2115 4444 2149 4513 §
2189 4454 2343 4510 περὶ
2377 4443 2591 4498 LXIII.
2634 4439 2716 4514 13‘.

2125 522 2501 613 NERO.

2354 736 2496 799 AE.
2539 738 2587 800 1.
2635 732 2840 819 (Mus.
2882 732 3103 820 Caes.)
3149 808 3158 819 ι

2652 924 2745 990 Vt
2806 924 2898 989 lit.
2933 930 2993 988 A
3025 927 3124 990 vel
3161 923 3216 984 B
3249 970 3268 998 ,
3305 924 3451 990 »vele
3525 925 3540 935 ⁸

2656 1019 2847 1085 IMP.
2884 1020 3156 1084 NERO.
3196 1017 3563 1082 CAESAR.
3645 1014 3860 1081 AVG.

2644 1114 3005 1177 PONTIF.
3055 1116 3277 1177 MAX.
3341 1116 3405 1175 T
3410 1113 3580 1175 RIB.
3647 1111 3859 1173 ΡΟΤ.

2638 1209 2718 1291 Ρ,
2754 1210 2828 1271 P.
2864 1210 3070 1293 Caput
3098 1209 3478 1285 laureatum,
3525 1206 3641 1271 vel
3673 1228 3688 1267 ε

2648 1303 2835 1366 ΙΜΡ.
2907 1302 3172 1370 NERO.
3227 1302 3598 1366 CAESAR.
3651 1296 3864 1363 AVG.

2641 1398 2915 1461 PONT.
2983 1399 3206 1461 MAX.
3247 1398 3390 1460 TR.
3426 1397 3631 1459 POT.
3669 1395 3744 1455 P.
3782 1392 3866 1465 P.

2646 1493 2850 1577 Caput
2892 1492 3258 1560 laureatum.

2358 1007 2456 1083 C.

2338 1579 2765 1653 'ANNONA
2822 1574 3245 1656 AvasTl.
3307 1583 3602 1650 CERES.
3658 1583 3725 1648 s.
3781 1577 3859 1642 c,

2361 1686 2517 1772 (fine
2552 1684 2618 1747 S.
2682 1682 2758 1748 C.
2825 1689 2893 1748 in
2958 1703 3145 1750 numo
3195 1703 3372 1748 max.
3453 1680 3616 1744 mod.
3681 1675 3863 1761 Mei

2365 1776 2571 1865 Caes)
2628 1779 2806 1843 Ceres
2835 1779 3039 1844 velata
3051 1780 3267 1867 fidens
3305 1777 3366 1842 d.
3385 1776 3595 1865 spicas
3612 1820 3631 1850 ‚
3663 1774 3726 1859 s.
3745 1773 3858 1854 fa·

2361 1894 2481 1939 0²⁶⁸
2500 1921 2519 1951 2
2566 1873 2707 1938 inde
2736 1875 2934 1962 adflat
2977 1875 3390 1941 Abundantia
3418 1872 3476 1957 fi
3506 1869 3862 1949 commopi-

2361 1990 2438 2035 ae
2460 2015 2479 2048 ,
2528 1972 2598 2033 in
2623 1969 2865 2034 iffarum
2894 1971 3088 2035 medio
3134 1991 3295 2048 ara,
3346 1967 3442 2032 vel
3469 1968 3717 2048 cimam,
3765 1964 3865 2025 cni
3975 2028 3982 2035 .

2359 2065 2605 2130 modius
2643 2067 2882 2153 infistit‚
2931 2070 3351 2135 retr-omanis.
3469 2060 3612 2126 ΑΕ.
3674 2077 3857 2121 max.

2359 2164 2550 2223 mod.
2588 2174 2655 2224 et
2693 2161 2747 2222 Ι.
2785 2162 2868 2226 11.
2920 2161 3122 2244 (Mus.
3157 2157 3396 2238 Caes.)

2460 2257 2643 2319 Nero
2679 2254 3156 2319 liberalitatem
3191 2255 3372 2318 suam
3409 2249 3691 2338 profufis
3731 2249 3861 2310 lar·

2366 2352 2730 2437 gitionibus
2795 2352 2979 2438 plebi
3055 2350 3256 2439 saepe·
3300 2342 3804 2413 commendavit
3835 2389 3855 2419 ,

2364 2451 2550 2529 cujus
2585 2445 2775 2509 testes
2811 2447 2951 2508 sunt
2987 2450 3171 2509 numi
3207 2444 3535 2531 congiarii
3585 2439 3858 2502 nomine

2363 2541 2690 2625 percussi,
2738 2548 2913 2624 quos
2953 2560 3114 2605 mox
3157 2541 3536 2607 citabimus.
3649 2531 3858 2615 Quod

2365 2648 2435 2699 ut
2473 2632 2643 2697 bene
2691 2638 2894 2699 vertit
2934 2636 3230 2714 Neroni,
3279 2641 3379 2700 ita
3411 2630 3578 2701 illud
3615 2627 3857 2715 postre-

2359 2749 2542 2792 mum
2592 2731 2904 2814 pessime,
2977 2752 3128 2795 cum
3175 2735 3241 2797 in
3324 2735 3602 2818 publica
3671 2721 3858 2786 fame
3953 2787 3966 2796 ,

2361 2825 3282 2891 nunciabaturAlexandrina
3317 2830 3510 2892 navis
3536 2828 3602 2890 in
3633 2821 3859 2881 locum

2359 2919 2678 2982 frumenti
2714 2920 3052 2985 advexisre
3103 2924 3454 3008 pulverem
3517 2912 3861 2986 luctatori·

2361 3014 2486 3077 bus
2539 3014 2799 3080 aulicis:
2900 3017 3055 3097 Quo
3110 3031 3414 3103 tempore
3467 3037 3617 3080 cum
3667 3023 3858 3069 com-

2363 3122 2558 3195 perta
2593 3114 2731 3191 jam
2779 3113 2933 3174 ess'et
2980 3113 3284 3176 Vindicis
3337 3112 3670 3195 defectio,
3718 3120 3859 3164 0¹²¹-

2366 3207 2562 3269 nibus
2602 3216 2745 3266 tum
2811 3207 3104 3290 primurn
3136 3207 3569 3270 contumeliis
3606 3215 3862 3294 propa-

2363 3301 2502 3364 lam
2539 3302 2680 3385 peti
2724 3303 2969 3385 coepit.
3021 3292 3087 3383 b)

2667 3490 2760 3555 Vt
2791 3489 2884 3551 tit.
2917 3492 2996 3554 Β.
3045 3490 3246 3575 Caput
3271 3492 3519 3562 nudum.

2370 3588 2578 3649 ARA.
2613 3583 2896 3647 PAClS.
2931 3585 2998 3648 S.
3027 3585 3102 3648 C.
3125 3586 3294 3651 Ara.
3351 3589 3490 3651 ΑΕ.
3529 3592 3610 3651 Η.
3661 3589 3854 3666 (Mus.

2357 3680 2740 3839 caCIozistat
2756 3823 2772 3850 ‚
2791 3776 3140 3840 ‘Neronem
3162 3778 3580 3861 praeoptass'e
3619 3799 3859 3863 pacem

2359 3889 2531 3956 prae
2570 3870 2733 3935 belli
2767 3871 3054 3935 turbidis
3084 3891 3217 3934 non
3239 3889 3472 3934 amore
3503 3876 3644 3954 ejus
3678 3874 3859 3950 boni,

2361 3966 2551 4049 quod
2586 3965 2988 4049 ea‘praestat
3010 4001 3052 4044 ,ι
3081 3966 3191 4029 sed
3231 3979 3304 4028 ut
3340 3967 3628 4031 securius
3657 3987 3859 4031 vaca·

2337 4073 2470 4126 ‘eet
2519 4058 2972 4145 Circenfibus,
3019 4073 3388 4144 aurumque
3441 4064 3861 4126 committen-

2902 4445 2960 4511 b)
2996 4445 3142 4502 Suet.
3155 4417 3166 4434 κ
3182 4466 3228 4508 c,
3264 4462 3349 4518 45.
