4225 5450
268 4571 289 4582 „
346 4516 407 4580 h)
440 4518 507 4568 L.
546 4517 701 4578 le,
733 4536 784 4569 ε.
827 4536 883 4570 ιι
925 4529 979 4569 et
1020 4535 1101 4585 ¹3·

1573 484 2289 665 cA'PIGVLA.

363 720 546 789 dulie
576 723 815 810 spuriis
881 725 1037 787 vide
1086 741 1255 786 mox
1316 720 1498 786 infra
1537 723 1607 787 in
1653 726 1873 791 numis

220 818 239 831 “
356 819 685 887 Dmfiuae
716 819 1069 907 Caligulae
1104 816 1375 884 sororia.

794 1010 1075 1081 Sorores.
1117 1008 1453 1097 Caligulae.
1526 1037 1544 1048 ·

828 1202 1392 1271 AGRIPPINA.

458 1303 565 1365 De
613 1304 757 1383 ejus
804 1302 1023 1363 numis
1078 1313 1328 1386 -agetur
1412 1296 1560 1383 post
1592 1304 1607 1313 ‘
1639 1315 1879 1362 numos

366 1395 641 1489 Claudii
672 1400 880 1493 Aug„
932 1397 1115 1477 cujus
1149 1415 1234 1460 ea
1267 1413 1443 1459 uxor
1493 1391 1649 1459 fuit.

869 1586 1375 1655 DRVSILLA.

462 1681 870 1747 Germanico
916 1696 984 1746 et
1025 1685 1402 1769 Agrippina
1450 1696 1616 1748 nata
1659 1684 1745 1744 V.
1797 1679 1874 1746 C.

370 1800 505 1863 770
526 1825 546 1854 ‚
600 1791 667 1842 et
698 1778 971 1864 quidem
1004 1781 1577 1862 apud-TreviroS‚
1633 1790 1705 1841 ut
1739 1776 1877 1841 col·

362 1876 501 1961 ligo
528 1896 613 1938 ex
641 1874 1007 1952 Suetonio,
1059 1871 1122 1955 ²)
1173 1894 1219 1938 a
1258 1876 1546 1939 Tiberio
1577 1875 1877 1958 denupta

362 1971 439 2034 L.
497 1969 729 2033 Cassio
804 1969 1157 2055 Longino,
1212 1982 1286 2033 ut
1350 1968 1588 2034 diserte
1668 1970 1875 2035 Taci-

362 2079 469 2131 tus
499 2114 517 2143 ,
568 2054 635 2146 b)
687 2077 753 2127 et
782 2064 1165 2131 Suetonius,
1217 2063 1278 2147 ⁶)
1379 2064 1607 2149 Quare
1656 2065 1877 2127 minor

362 2162 531 2225 fides
577 2161 823 2225 Dionis
854 2208 874 2239 ,
929 2164 1026 2224 Μ.
1088 2160 1422 2249 Lepidum
1477 2166 1617 2244 ejus
1669 2162 1873 2222 mari-

361 2270 505 2320 tum
547 2256 907 2321 statuentiS.
930 2247 992 2336 ἆ)
1046 2255 1359 2341 Caligula
1387 2257 1477 2321 ad
1512 2256 1870 2339 imperium

363 2366 663 2429 evectus»,
716 2372 868 2415 cum
896 2351 1158 2416 sorores
1195 2345 1429 2415 omnee
1465 2349 1870 2436 constupras-

358 2449 494 2526 set‚
545 2447 776 2511 insano
818 2450 887 2511 in
927 2446 1057 2511 hac
1098 2447 1394 2511 Drulilla
1424 2467 1659 2511 amore
1692 2444 1869 2510 fure-

361 2528 547 2610 bats'
600 2542 780 2607 Nam
811 2543 1175 2609 abductam
1224 2536 1457 2607 Cassio
1491 2544 1557 2605 in
1593 2543 1870 2606 modurn

353 2637 562 2724 justae
604 2639 836 2703 uxoris
928 2640 1290 2725 propalam
1340 2637 1616 2716 habuit,
1671 2657 1872 2725 aeger

360 2737 682 2800 heredem
731 2736 1002 2821 imperii
1066 2734 1363 2799 instituit.
1479 2734 1587 2799 Ea
1652 2739 1735 2801 V.
1795 2734 1869 2801 C.

302 2865 323 2918 j
369 2853 495 2916 79¹
531 2853 568 2895 e
596 2832 771 2895 vivis
794 2844 1030 2916 erepta
1048 2831 1525 2895 adeointendit
1544 2830 1876 2912 dolorem,

363 2940 434 2990 ut
464 2925 786 3008 justitium
822 2928 1171 3003 indiceret,
1223 2930 1407 2991 luctu
1443 2930 1514 2991 in
1547 2927 1726 3013 ipsas
1756 2929 1874 2991 eti-

260 3069 273 3076 ·
357 3045 471 3087 am
508 3024 893 3107 provincias
934 3034 1359 3109 propagam,
1412 3024 1467 3103 e)
1523 3036 1595 3088 et
1647 3022 1869 3086 ridere

358 3131 547 3200 tum,
598 3138 681 3182 ac
716 3118 954 3182 lavare
991 3119 1288 3203 capitale
1333 3119 1510 3191 esset,
1637 3117 1874 3203 Neque

356 3213 615 3291 defuit,
669 3214 786 3299 qui
812 3215 1242 3295 jurejurando
1298 3213 1732 3290 adfirmaret,
1815 3213 1874 3276 se

358 3313 499 3392 ejus
530 3309 830 3373 animam
885 3309 953 3371 in
988 3308 1253 3372 coelum
1302 3322 1563 3373 euntem
1599 3309 1874 3388 vidiss'e,

364 3405 602 3469 Livius
651 3401 998 3492 Geminius
1061 3405 1349 3472 senator.
1404 3395 1459 3490 f)
1561 3404 1874 3488 Quapro-

358 3513 512 3566 nter
537 3503 686 3582 jure
772 3499 1163 3566 consecrata
1248 3523 1291 3565 a
1364 3499 1576 3565 fratre
1639 3501 1874 3566 addito

358 3595 679 3662 Pantheae
713 3596 1011 3674 nomine,
1063 3616 1430 3682 omnesque
1454 3598 1523 3660 in
1554 3617 1706 3674 earn
1744 3595 1874 3660 ho-

356 3710 563 3758 nores
600 3689 911 3777 congelli,
960 3693 1081 3776 qui
1123 3692 1363 3757 Liviae
1392 3693 1720 3778 obtigere,
1753 3711 1876 3755 nec

2566 722 2959 788 Numi:‘

1958 911 2296 979 commatis
2343 914 2633 980 Romani.

2053 1009 2213 1089 Ejus
2250 1030 2497 1075 nomen
2516 1009 2974 1074 DRVSILLA
3010 1030 3214 1075 numo
3259 1029 3473 1076 aeneo

1957 1104 2010 1166 1.
2061 1102 2330 1169 formae
2375 1106 2765 1190 inscriptum
2800 1107 3094 1169 vidimus
3141 1107 3210 1171 in
3252 1108 3473 1170 numia

1960 1188 2311 1285 Caligulae
2342 1204 2431 1265 ad
2470 1222 2718 1265 annum
2766 1200 2966 1275 V.,C.
3008 1222 3144 1286 790
3172 1250 3190 1279 ,
3242 1205 3470 1286 inquo
3585 1262 3608 1273 ,

1958 1295 2138 1358 duae
2173 1295 2685 1377 sororealulia,
2736 1309 2807 1360 et
2875 1298 3252 1382 Agrippina
3301 1296 3468 1361 soci-

1956 1403 2178 1455 antur.

2052 1488 2132 1550 In
2168 1488 2309 1551 alio
2334 1508 2570 1565 aureo,
2626 1508 2826 1571 quem
2861 1489 3100 1552 eodem
3128 1490 3284 1553 loco
3310 1509 3472 1554 con·

1956 1582 2145 1647 ti‘nuo
2186 1584 2477 1664 subjeci,
2546 1585 2825 1668 quidam
2899 1587 3266 1669 antiquarii
3326 1589 3466 1667 ejus

1955 1690 2162 1764 caput
2198 1700 2348 1743 cum
2387 1680 2741 1766 Caligulae
2773 1680 2996 1765 capite
3030 1684 3331 1765 jugatum
3369 1682 3464 1745 vi·

1955 1773 2136 1839 dent.

2239 1970 2435 2035 Numi
2460 1968 2617 2066 falfi
2636 2017 2656 2047 ,
2725 1978 2840 2033 aut
2887 1969 3169 2057 sttspecti.

2236 2160 2489 2224 DIVA.
2519 2158 3000 2225 DRvstLLA.
3033 2162 3358 2228 SOROR.
3382 2160 3457 2225 C.

2239 2253 2692 2319 CAESARIS.
2734 2254 2943 2318 AVG.
2996 2257 3201 2342 Caput
3217 2259 3462 2346 Insolen-

2238 2360 2300 2417 τε
2344 2350 2689 2416 diademate
2721 2348 3094 2416 redimitum.

1946 2443 2223 2511 IVLIA.
2263 2444 2745 2510 DRVSILLA.
2780 2446 2858 2508 F.
2897 2445 2971 2509 C.
3007 2445 3459 2511 CAESARIS.

1948 2541 2369 2607 AVGVSTI.
2397 2543 2598 2626 Caput
2613 2542 2883 2626 infantis
2919 2546 3325 2641 cornucopiqe
3350 2547 3460 2608 im-

1941 2639 2224 2730 positum.
2327 2639 2470 2702 ΑΕ.
2523 2640 2574 2702 1.

2046 2736 2243 2797 Hunc
2285 2755 2562 2797 numum
2632 2733 2903 2800 edidere
2954 2735 3352 2816 Pedrufius'„
3399 2735 3461 2817 ἰ)

1955 2843 2022 2894 et
2053 2829 2380 2893 Baldinus
2404 2852 2488 2893 ex
2525 2831 2892 2914 praeconio
2933 2831 3157 2894 Franc
3185 2832 3464 2896 Ficoru-

1953 2927 2020 2988 ni
2070 2924 2159 2988 ab
2202 2926 2334 2991 hoc
2375 2939 2716 3010 repertum
2755 2927 2820 2988 in
2875 2926 3099 2990 museo
3146 2928 3465 2996 Barbari2

1956 3023 2045 3084 ni.
2094 3015 2161 3104 ¹¹)
2262 3022 2365 3085 Ab
2400 3022 2552 3084 aliis
2587 3022 2971 3106 ignoratur,
3024 3043 3241 3109 neque
3276 3024 3462 3087 adul·
3567 3029 3574 3034 “

1948 3117 2238 3180 terinum
2272 3117 2593 3181 dubitem.
2710 3116 3057 3180 Pedrulius
3104 3118 3465 3182 Drusillam

1954 3214 2166 3297 partis
2195 3212 2478 3278 ’aversae
2511 3225 2709 3298 putat
2745 3213 3045 3299 puellam
3112 3214 3310 3298 hujus
3343 3235 3460 3278 no-

1952 3310 2152 3373 minis
2204 3309 2556 3394 Caligulae
2616 3330 2701 3372 ex
2757 3307 3088 3402 Caesonia
3169 3322 3400 3375 natam
3439 3357 3459 3387 ,

1952 3407 2139 3485 cujus
2163 3402 2507 3467 fortunam
2544 3404 2740 3488 supra
2765 3406 2833 3466 in
2881 3399 3212 3476 Caelo'nia
3271 3426 3458 3470 enan·

1950 3500 2125 3562 ravi.
2228 3500 2408 3583 Quid
2455 3500 2496 3562 li
2547 3501 2704 3563 ell'et
2753 3498 3084 3564 Drusillae
3137 3499 3234 3565 ex*
3278 3500 3488 3565 Cali-x

1951 3596 2110 3680 gula
2145 3594 2325 3672 filia,
2380 3597 2816 3682 ejusdemque
2849 3615 3004 3658 cum
3047 3609 3264 3662 matre
3336 3616 3455 3661 no.-

1952 3692 2198 3753 minis?
2250 3710 2408 3754 narn
2445 3692 2598 3778 le'go
2644 3693 2825 3777 apud
2883 3692 3333 3779 Eutropium:
3401 3688 3455 3774 ¹)

354 3806 655 3872 unquam
697 3783 926 3871 postea
969 3787 1279 3871 Caligula
1316 3808 1442 3873 pro
1500 3790 1827 3852 concione
1854 3835 1875 3865 ,
1927 3789 2155 3871 stupra
2164 3785 2498 3872 sororibus
2542 3790 2793 3862 intulit,
2846 3808 2927 3853 ex
2957 3810 3086 3855 una
3112 3792 3298 3857 etiam
3341 3808 3460 3854 na-

357 3881 476 3945 nili
512 3902 633 3967 per
672 3902 915 3946 nomen
955 3881 1285 3947 Drulillae
1329 3885 1681 3967 deici-avit.
1734 3883 1874 3946 Ho-

358 3996 560 4041 nores
613 3978 785 4042 alios
846 3979 1006 4042 vide
1078 3981 1263 4065 apud
1327 3978 1760 4058 Suetonium,
1810 3977 1873 4061 ὅ)

352 4086 431 4142 ct
470 4065 902 4154 Dionemsh)

388 4348 486 4447 ἐ)
514 4382 573 4431 in
609 4361 782 4450 ossig.
821 4398 867 4439 e,
906 4392 958 4444 fl.

348 4447 407 4500 lo
443 4446 575 4505 adv.
611 4449 870 4500 Flaccum
906 4467 964 4520 p.
1002 4466 1075 4502 m.
1107 4465 1228 4519 525·

1113 4379 1170 4442 b)
1217 4380 1360 4432 Ann.
1396 4379 1497 4438 VI.
1548 4399 1563 4431 ι
1612 4417 1625 4431 .

1490 4447 1538 4513 f)
1572 4398 1689 4502 ἱςὶὶο
1723 4451 1788 4508 L.

345 4586 394 4642 Ι.
433 4603 491 4659 p.
536 4603 618 4653 ιγ.
815 4587 863 4652 l)
899 4585 1055 4640 Bxev.
1096 4588 1163 4648 L.
1202 4588 1300 4642 VI.

1797 4383 1848 4446 e)
1888 4382 2028 4454 Cap.
2068 4399 2156 4448 24.

1827 4450 1977 4503 le.
2015 4453 2045 4521 S
2086 4469 2167 4510 ιι.
2254 4452 2469 4504 Seneca
2504 4455 2560 4504 in
2600 4451 2837 4524 Apocol.

1291 4519 1329 4582 i)
1371 4515 1508 4572 Mur.
1549 4520 1710 4572 Fara.
1756 4521 1920 4574 Tom.
1959 4522 2060 4581 Vl,

1947 3892 2076 3947 tam
2091 3884 2299 3969 filiam
2344 3888 2627 3968 agnovit.
2730 3883 2861 3948 Se‘d
2895 3886 2964 3948 in
3007 3906 3212 3951 numo
3247 3887 3457 3971 suspen

1946 3989 2060 4042 cto
2097 3977 2364 4064 longius
2399 3979 2526 4044 ess‘e
2561 3980 2891 4112 curiosum
2927 3981 3135 4067 piget.

2329 4382 2384 4448 d)
2422 4383 2488 4443 L,
2527 4382 2676 4435 le.
2714 4382 2743 4453 §
2788 4402 2854 4435 ιι.
2886 4393 2940 4434 et
2977 4398 3064 4439 22.
3240 4383 3290 4450 e)
3326 4381 3452 4435 Phi·

3098 4452 3149 4520 g)
3188 4450 3328 4524 Cap.
3368 4467 3451 4516 24.

2235 4521 2291 4588 k)
2333 4522 2502 4576 Vaill.
2557 4521 2724 4576 Num.
2776 4519 2968 4593 praest.
3007 4509 3140 4581 edit.
3179 4520 3341 4582 Rom.
3378 4523 3449 4576 Ἦ.
