4225 5450
716 637 723 646 ,
807 552 940 652 aaa

765 770 883 851 [us
913 752 1183 829 Taurus
1225 783 1313 828 ex
1357 761 1627 842 Africa,
1692 763 2053 829 Norbanus
2111 766 2309 829 Flac·

802 880 922 926 cus
959 881 1043 923 ex
1083 858 1434 945 Hispania.
1535 861 1666 925 Sed
1708 861 1879 924 haec
1913 863 2132 925 decidi
2171 878 2307 923 non

725 1016 736 1027 ,
800 967 1168 1043 poterunt,
1218 954 1333 1019 nili
1366 955 1868 1041 inscriptionum
1923 977 2053 1042 ope
2126 969 2306 1019 tene

800 1051 943 1119 bris
980 1049 1086 1112 his
1129 1050 1248 1113 lux
1301 1051 1671 1133 aliquando
1703 1051 2136 1115 adfundatur.

817 1134 822 1141 ⁴
895 1145 1086 1209 IMP.
1130 1146 1246 1208 VI.
1343 1146 1601 1209 Diserte
1637 1145 1946 1212 Orosius:
1974 1147 2034 1229 ⁸)
2086 1145 2310 1235 Caesar

781 1240 1074 1351 ,sextu-cm
1093 1243 1438 1326 imperator
1490 1243 1865 1325 appeffatus,
1934 1262 2177 1326 nempe
2221 1261 2307 1304 ex

798 1336 998 1401 victis
1041 1322 1135 1399 ad
1168 1338 1437 1401 Actium
1482 1340 1822 1417 Antonio,
1894 1349 1963 1400 et
2015 1336 2306 1422 Cleopa-

796 1418 1023 1525 nav.
1068 1428 1144 1495 C.
1187 1450 1348 1516 723.

897 1526 1095 1594 ῙΜΡ.
1127 1516 1282 1593 vu.
1380 1524 1533 1589 Hoc
1570 1527 1770 1590 titulo
1817 1525 1963 1590 usus
2000 1523 2088 1589 est
2139 1523 2307 1589 Cae-

801 1620 909 1713 sar
951 1622 1037 1685 V.
1073 1620 1152 1688 C.
1191 1636 1371 1704 725,
1419 1632 1495 1684 ut
1546 1621 1798 1687 invicte
1868 1623 2070 1687 docet
2119 1641 2305 1686 mar-

799 1702 1001 1793 mor,
1029 1717 1236 1809 quod
1273 1704 1468 1802 supra
1510 1735 1670 1802 pag.
1703 1729 1789 1789 82
1843 1714 2189 1802 descripsi,
2238 1716 2311 1778 in

852 1828 942 1874 uo
983 1831 1135 1877 cum
1183 1810 1379 1876 COS.
1404 1811 1780 1892 erNC‘r.
1800 1814 2095 1899 jungitur
2116 1811 2308 1875 IMP.

799 1830 1054 1974 §EP‘L
1152 1904 1375 1971 Cauta
1407 1906 1634 1970 iterati
1662 1906 1946 1973 honoris
1984 1906 2108 1970 erre
2148 1917 2307 1991 pot-

799 2000 890 2068 est
927 2003 1041 2068 vel
1068 2000 1439 2088 Cleopatra
1501 2019 1682 2067 anno
1729 2004 2176 2090 praecedente
2236 2003 2308 2065 in

798 2101 1120 2185 Aegypto
1168 2098 1410 2177 vieta,
1455 2097 1572 2162 vel
1627 2111 1833 2185 capta
1896 2104 2307 2183 Aegyptus,

796 2193 913 2260 vel
958 2184 1216 2259 Moesia
1255 2164 1434 2258 anno
1467 2193 1604 2259 hoc
1658 2213 1796 2277 7²5
1837 2215 1959 2280 per
2006 2191 2307 2257 Crass‘um

795 2287 1118 2367 mbaffctn
1163 2300 1239 2352 ut
1266 2289 1474 2354 refert
1516 2289 1677 2356 Dio.
1772 2290 2055 2356 Mallem
2095 2286 2305 2372 poste-

796 2387 980 2463 rius,
1032 2403 1189 2447 nam
1223 2385 1275 2448 1.
1312 2405 1400 2448 ex
1433 2386 1678 2448 eodem
1726 2384 1954 2462 bello,
2004 2383 2117 2446 etfi
2156 2385 2306 2468 plu-

796 2498 906 2543 res
944 2479 1201 2544 relatae
1241 2480 1443 2543 effent
1478 2479 1851 2555 victoriae,
1903 2479 2106 2541 semel
2158 2489 2305 2539 tan-

795 2586 943 2641 tum
978 2576 1411 2659 imperatoris
1459 2574 1695 2637 titulus
1758 2571 2181 2647 sumebatur,
2233 2583 2307 2635 ut

663 2662 674 2669 ”
794 2671 1038 2737 diserte
1082 2671 1298 2734 tradit
1362 2668 1523 2733 Di'o.
1575 2656 1639 2748 b)
1737 2671 1831 2730 At
1902 2667 2156 2734 Caesar
2220 2684 2307 2730 ex

705 2795 710 2804 ¹
792 2767 1091 2830 victoria
1148 2764 1458 2837 Actiaca,
1497 2781 1672 2845 quae
1709 2763 1937 2846 utique
1961 2762 2120 2826 belli
2151 2781 2306 2825 cum

798 2855 1171 2942 Cleopatra
1203 2876 1363 2942 pars
1398 2856 1563 2935 fuit,
1630 2857 1898 2921 titulum
1937 2860 2303 2943 imperato·

792 2954 938 3029 ris,
1002 2964 1077 3016 ut
1143 2953 1481 3030 vidimus,
1551 2956 1694 3033 jam
1785 2955 2302 3041 multiplicavit,

796 3047 1056 3114 tametsi
1090 3069 1328 3138 yerum
1362 3048 1473 3131 sit,
1522 3048 1699 3112 hane
1730 3051 1947 3136 legem
1985 3069 2119 3114 non
2140 3049 2299 3112 sem·

795 3165 920 3234 per
953 3144 1255 3227 religiose
1288 3142 1475 3207 fuiffe
1514 3143 1965 3210 observatam.
2015 3145 2101 3209 II.
2121 3145 2302 3226 Quia

793 3258 1040 3304 revera
1076 3239 1212 3302 Dio
1259 3239 1435 3303 hanc
1471 3240 1721 3305 Crassi
1729 3244 1798 3304 in
1837 3239 2163 3306 Moesiam
2187 3260 2300 3303 ex·

796 3336 1216 3420 peditionem
1260 3355 1579 3400 enarrans
1626 3338 1823 3401 addit
1853 3384 1872 3413 ,
1947 3335 2303 3418 Caesarem

797 3430 889 3495 ob
930 3451 1083 3494 eam
1121 3433 1559 3517 imperatoria
1602 3433 1868 3496 titulum
1903 3431 2252 3516 sumpsisse.

892 3526 1079 3590 IMP.
1117 3528 1308 3591 VIII.
1401 3528 1687 3591 Vnicum
1713 3525 2304 3598 monumentumse

795 3621 967 3686 mihi
997 3622 1285 3699 obtulit,
1337 3625 1525 3701 cujus
1575 3642 1706 3707 ope
1763 3622 2094 3687 fluctuans
2131 3623 2305 3686 haee

1974 528 2723 647 Avevsrvs

2383 777 2490 829 tra
2523 766 2654 830 hoc
2688 778 2951 848 tempus
2994 761 3121 828 fuit
3150 760 3721 848 imperatorVIII.
3747 758 3896 842 ,'et

2384 879 2534 923 cum
2574 863 2883 945 proxime
2921 861 3307 938 viderimus,
3338 879 3489 923 eum
3525 863 3611 925 V.
3646 857 3722 923 C.
3744 876 3887 939 725

2380 953 2570 1019 fuisse
2609 959 3087 1040 imperatorem
3131 954 3325 1032 v11.,
3376 952 3465 1018 ab
3516 955 3654 1017 hoc
3704 971 3891 1017 anno

2346 1050 2755 1114 iterationis
2779 1051 2976 1115 causa
3007 1050 3414 1136 indaganda.
3510 1050 3687 1113 Eam
3714 1047 3895 1112 faci

2346 1146 2445 1208 ‘le
2494 1146 2874 1231 suppeditat
2926 1146 3035 1210 seu
3090 1144 3343 1209 bellum
3405 1142 3895 1229 Cantabricum

2384 1242 2474 1306 ab
2512 1242 2656 1327 ipso
2694 1238 2983 1325 Augusto
3021 1237 3308 1327 gestum,
3360 1252 3430 1303 et
3466 1238 3757 1303 feliciter
3786 1238 3897 1301 so-

2380 1340 2601 1423 pitum
2634 1339 2722 1400 V.
2753 1334 2832 1401 C.
2878 1356 3056 1419 729,
3107 1336 3216 1398 seu
3248 1320 3497 1403 bellum
3535 1333 3890 1400 Germani-

2386 1452 2577 1510 cum,
2631 1431 2738 1496 eui
2773 1430 3072 1516 praefuit
3106 1431 3205 1498 M.
3246 1431 3586 1510 Vinicius,
3622 1448 3684 1492 -a
3754 1448 3895 1513 quo

2385 1529 2629 1593 eodem
2663 1545 2844 1592 anno
2889 1544 3022 1610 729
3058 1538 3326 1612 partum
3377 1546 3502 1612 per
3564 1525 3899 1589 victorias

2388 1622 2681 1708 Augusto
2772 1622 3044 1687 titulum
3128 1621 3564 1707 imperatoris
3662 1632 3907 1685 narrat

2385 1717 2551 1781 Dio.
2601 1709 2659 1794 11)
2761 1718 3021 1797 Adfer-it
3066 1714 3405 1791 Notitiae,
3458 1735 3699 1781 numos
3761 1722 3895 1779 Au·

2388 1810 2551 1901 gusti
2588 1812 2979 1897 inscriptos:
3002 1811 3346 1876 ARMEN.
3367 1809 3675 1878 RECEP.
3699 1810 3899 1874 IMP.

2386 1910 2539 1974 VII.
2591 1907 2879 1992 lignatos
2921 1926 3100 1972 anno
3134 1906 3226 1971 V.
3261 1905 3338 1972 C.
3369 1918 3510 1989 734
3544 1904 3901 1971 occasione

2389 2004 2749 2068 Armeniae
2791 2023 3032 2068 revera
3079 1998 3169 2066 ab
3209 1998 3499 2088 Angusto
3530 2018 3653 2086 per
3685 2001 3900 2065 Tibe·

2388 2102 2560 2163 rium
2594 2109 2950 2186 receptae,
3001 2109 3205 2181 atque
3240 2093 3671 2174 hinc'refert,
3756 2102 3894 2159 Au-

2385 2194 2641 2280 gustum
2719 2213 2802 2258 eo
2885 2210 3066 2258 anno
3139 2191 3330 2256 stim·
3407 2193 3895 2278 imperatorem

2383 2291 2539 2359 VII.
2587 2286 2649 2368 ι’)
2753 2295 2841 2352 At
2880 2308 3045 2355 vero
3080 2284 3349 2371 Augusti
3390 2286 3545 2350 trib.
3595 2282 3895 2370 potestas

2384 2387 2549 2467 111.,
2598 2386 2667 2447 in
2719 2404 2853 2469 qua
2895 2384 2953 2447 is
2992 2382 3349 2447 secundum
3383 2383 3664 2449 citatum
3714 2401 3895 2443 mar·

2388 2500 2538 2543 mor
2567 2477 2697 2542 fuit
2734 2480 3107 2562 imperator
3134 2477 3320 2540 VIII.
3345 2528 3368 2561 ,
3414 2481 3557 2560 jam
3590 2477 3663 2538 in
3695 2474 3893 2539 Iunio

2386 2575 2684 2652 ejusdem
2718 2576 2876 2645 anni
2913 2588 3052 2656 734
3091 2574 3349 2651 exivit,
3396 2592 3479 2636 ac
3531 2585 3678 2634 tum
3736 2591 3891 2635 coe·

2387 2670 2489 2753 pit
2522 2669 2677 2732 trib.
2709 2664 2998 2753 potestas
3032 2670 3148 2736 IV.
3169 2715 3193 2747 ,1
3242 2688 3419 2753 quae
3457 2686 3622 2731 vero
3656 2667 3727 2730 in
3768 2671 3893 2731 Ar-

2388 2766 2612 2827 menia
2656 2785 2779 2850 per
2834 2763 3186 2828 Tiberium
3229 2763 3410 2850 gesta
3474 2764 3662 2840 sunt,
3734 2776 3896 2828 ante

2387 2858 2693 2922 adultam
2731 2858 3048 2924 aestatem
3083 2858 3232 2922 fieri
3269 2880 3404 2924 non
3437 2872 3722 2946 potuere
3746 2907 3770 2935 ,
3820 2870 3901 2922 ut

2384 2956 2647 3038 patebit
2689 2956 2929 3018 Dionis
2968 2960 3107 3035 ejus
3141 2956 3299 3018 anni
3342 2953 3682 3019 historiam
3737 2947 3893 3039 per·
3935 2948 3948 2960 '

2385 3050 2705 3134 sequenti.
2803 3051 2907 3113 Ex
2946 3052 3074 3134 his,
3125 3071 3300 3134 quae
3334 3051 3542 3115 modo
3573 3070 3896 3137 compen·

2386 3146 2500 3208 dio
2545 3147 2934 3232 disputavi,
2983 3167 3118 3210 non
3165 3165 3386 3232 pauca
3430 3149 3501 3210 in
3535 3144 3901 3224 historiae,

2386 3251 2453 3302 et
2494 3243 2590 3304 rei
2625 3243 3138 3308 numismaticae
3169 3243 3609 3306 commodum
3654 3261 3897 3305 eruun-

2361 3345 2510 3410 ,tur.
2610 3337 2787 3400 Nam
2826 3338 2873 3405 Ι.
2910 3338 3233 3400 docemur
3256 3386 3279 3419 ,
3351 3326 3712 3423 Augustum
3749 3338 3899 3419 jam

2383 3429 2685 3495 habuiss‘e
2731 3433 3165 3517 imperatoris
3217 3432 3406 3498 vm.
3454 3432 3724 3498 titulum
3775 3431 3911 3495 sal·

2384 3538 2545 3587 tem·
2574 3540 2733 3591 ante
2773 3540 3088 3591 exactum
3132 3527 3395 3592 Iunium
3445 3531 3530 3594 V.
3598 3526 3680 3592 C.
3730 3537 3899 3614 734.

2388 3620 2473 3683 11.
2525 3622 2785 3686 Numos
2853 3622 3249 3708 inscriptos:
3324 3622 3674 3688 ARMEN.
3746 3622 3897 3686 RE-

797 3717 1092 3800 dignitas
1128 3716 1432 3780 nonnihil
1467 3716 2065 3783 circumscribatur.
2120 3719 2313 3804 Lego
2391 3715 2578 3780 CEP.
2623 3718 2810 3784 IMP.
2843 3717 2993 3780 VII.
3050 3715 3290 3786 referri
3346 3718 3730 3803 non.poss'e
3802 3716 3896 3781 ad

797 3813 880 3875 in·
905 3831 1244 3875 marmore
1279 3812 1692 3876 Muratorii:
1740 3809 1800 3888 ⁸)
1853 3813 2041 3879 ΙΜΡ.
2100 3814 2307 3878 CAE-

802 3903 1029 3972 SARI.
1067 3906 1285 3978 DIVI,
1315 3905 1393 3969 F.
1430 3904 1882 3972 AvasTO.
1923 3907 2133 3972 COS.
2190 3909 2307 3974 XI.

801 4002 994 4067 ΙΜΡ.
1036 4001 1218 4064 vm.
1252 3999 1711 4077 TRIBV'NIC.
1752 4004 2134 4070 POTEST.
2186 4004 2314 4068 ΙΙΙ..

2389 3812 2752 3875 Tiberiiin
2794 3814 3184 3876 Armeniam
3241 3832 3419 3878 anno
3465 3816 3551 3879 V.
3619 3807 3703 3876 C.
3754 3822 3900 3895 734

2392 3907 2933 3992 expeditionem,
2985 3925 3136 3974 cum
3166 3907 3225 3974 ia
3260 3907 3649 3973 Armeniam
3692 3910 3896 3984 intra·

2389 4006 2561 4068 verit
2595 4014 2939 4088 tempore,
2994 4023 3135 4087 quo
3202 4003 3527 4089 Augustus
3568 4006 3706 4087 jam
3769 3999 3902 4090 fuit

807 4095 1056 4180 Coepit
1091 4091 1358 4182 Augusti
1392 4095 1550 4163 trib.
1602 4097 1900 4183 potessas
1951 4101 2074 4167 111.
2113 4109 2311 4163 ‘anno
2394 4099 2577 4163 ΙΜΡ.
2616 4098 2840 4175 vm„
2906 4118 2993 4163 ex
3044 4118 3181 4182 quo
3249 4099 3580 4183 sequitur,
3651 4098 3903 4179 citatos

803 4196 890 4259 V.
937 4192 1011 4257 Ο.
1052 4211 1186 4275 733
1227 4193 1336 4254 die
1383 4191 1657 4266 XXVII.
1687 4196 1900 4276 Iunii,
1952 4208 2018 4259 et
2064 4197 2309 4259 eodem

809 4289 919 4354 die
955 4289 1112 4353 anni
1139 4287 1478 4372 sequentis
1505 4288 1898 4376 exspiravit.
1992 4289 2184 4375 Ergo·
2211 4292 2310 4353 in—

1316 4544 1391 4595 ¹9·
1585 4523 2112 4596 mamis„

883 4524 1044 4588 α)Ῑ,.

893 4591 1078 4647 t.is..P
1248 4595 1692 4668 HMe9u7.

1083 4525 1181 4577 VI.

1103 4543 1334 4649 dimon.

2295 4525 2344 4594 e)
2381 4540 2507 4599 pag.
2545 4541 2665 4588 220.
2701 4543 2756 4580 ιι.
2794 4536 2845 4589 8.

2392 4214 2633 4258 numos
2671 4206 2828 4258 ante
2886 4193 3062 4260 hunc
3112 4212 3361 4276 annum
3409 4192 3598 4260 fuisse
3668 4191 3903 4269 cusos,

2394 4304 2468 4353 ut
2500 4310 2741 4356 revera
2790 4307 2906 4354 eos
2948 4291 3038 4353 ad
3073 4309 3324 4353 annum
3367 4293 3453 4356 V.
3495 4285 3573 4352 C.
3614 4308 3750 4372 725
3787 4289 3902 4351 de-

3019 4522 3079 4594 d)
3111 4524 3177 4578 L.
3212 4525 3365 4579 Lm.
3402 4495 3438 4598 ς’
3472 4507 3567 4579 46.
3600 4605 3607 4614 ,
3702 4503 3773 4591 oi
3797 4524 3904 4577 ce.-
