4225 5450
630 613 651 623 -
732 542 1102 622 NERO
1205 544 1376 621 ET
1472 514 1997 624 nR'vsvs
2118 540 2515 620 GERM
2618 532 2971 621 F1L11.
3055 642 3066 653 „

870 796 899 826 D
1222 796 1254 826 ἰ

392 840 744 910 DRVSVS
824 839 1213 904 Germanici
1277 839 1568 903 filiorum
1640 841 1811 904 alter

293 954 496 1004 natus
533 940 712 1015 circa
749 956 997 1000 annum
1037 936 1120 1000 V.
1159 933 1236 997 C.
1280 940 1404 1015 761
1447 947 1678 1019 togam
1714 936 1811 999 vi·

293 1037 491 1098 rilem
530 1030 793 1118 sumpsit
844 1034 925 1094 V.
977 1028 1051 1094 C.
1113 1033 1292 1109 776,
1345 1027 1407 1112 ⁸)
1461 1050 1805 1093 commen·

299 1132 634 1213 datusque
720 1148 765 1191 a
829 1125 1114 1188 Tiberio
1174 1123 1428 1186 senatui
1468 1145 1602 1187 una
1660 1145 1811 1187 cum

298 1224 510 1287 fratre
576 1223 817 1285 eodem
902 1240 1120 1301 anno,
1171 1217 1552 1303 praefectus
1628 1220 1813 1282 urbis

300 1320 561 1383 Tacito
602 1321 687 1381 ad
724 1312 971 1377 annum
1034 1318 1110 1379 V.
1159 1313 1234 1376 C.
1300 1327 1430 1394 778
1478 1332 1813 1376 memora·

300 1427 451 1478 tur..
484 1404 550 1495 b)
605 1414 764 1475 Fuit
796 1410 1055 1492 juvenis
1111 1422 1343 1473 atroce
1381 1410 1674 1492 ingenio,
1702 1411 1816 1493 qui

302 1522 586 1595 propter
631 1506 1014 1591 cupidinem
1051 1506 1396 1588 potentiae
1441 1516 1680 1567 contra
1719 1506 1816 1588 ip·

308 1612 448 1672 sum
490 1604 773 1669 fratrem
812 1602 1151 1663 Neronem
1192 1621 1342 1664 cum
1382 1600 1630 1681 Sejano
1665 1620 1821 1662 con-

308 1701 611 1790 spiravit.
634 1700 699 1783 ο)
753 1704 841 1760 At
870 1696 991 1756 luit
1028 1708 1284 1757 mature
1322 1714 1620 1778 poenas;
1665 1716 1819 1758 nam

308 1797 547 1885 paullo
592 1794 732 1879 post
798 1790 1092 1853 eversum
1138 1789 1419 1852 fratrem
1486 1810 1634 1852 cum
1687 1790 1821 1874 ipse

307 1892 664 1980 proximus
744 1889 947 1961 esset,
1003 1888 1116 1967 qui
1188 1884 1432 1965 Sejano
1491 1883 1822 1963 obstaret,

307 1988 555 2051 iisdem
620 1987 869 2069 petitus
945 1980 1201 2044 artibus
1261 1981 1329 2041 in
1382 1981 1522 2042 ima
1580 1980 1822 2064 palatii

310 2095 507 2170 parte
573 2094 756 2143 arcte
810 2075 1191 2141 custoditur.
1322 2073 1560 2137 Dilata
1638 2095 1821 2136 mors

311 2178 443 2242 fuit
480 2196 614 2239 non
653 2187 933 2261 propter
968 2169 1459 2231 miserationem
1495 2217 1515 2248 ,
1585 2170 1697 2232 fed
1750 2181 1824 2231 ut

313 2274 600 2343 haberet
646 2262 1006 2340 Tiberius}
1060 2285 1258 2348 quem
1294 2265 1541 2345 Sejano
1573 2264 1666 2327 ad
1702 2284 1821 2325 ne-

214 2414 227 2427 .
318 2388 463 2432 cem
498 2380 640 2429 tum
712 2365 1090 2439 destinam,
1145 2359 1187 2421 fi
1278 2362 1417 2421 vim
1498 2372 1826 2444 pararet,

316 2463 533 2550 poss‘et
575 2476 923 2546 opponere
944 2503 975 2533 ‚,
1033 2457 1273 2542 populi
1326 2446 1549 2519 studiis
1621 2455 1826 2518 facile

316 2561 385 2622 in
420 2556 812 2620 Germanici
854 2549 1061 2629 filium
1110 2550 1609 2613 inclinantibus.
1700 2552 1825 2623 Illo

317 2666 562 2718 necato
624 2651 949 2715 Tiberius
1008 2649 1102 2710 sui
1188 2645 1449 2709 securus
1504 2646 1829 2710 alimenta

316 2750 537 2815 Druso
570 2748 933 2822 subtraxit,
986 2766 1069 2807 ex
1105 2761 1239 2825 quo
1282 2755 1588 2827 tempore
1638 2764 1828 2806 man-

322 2844 547 2907 dendo
598 2862 681 2904 ex
722 2844 967 2905 culcita
1001 2851 1308 2902 tomento
1340 2839 1699 2902 miserabili
1742 2839 1829 2903 es·

324 2958 448 3001 cae
499 2956 739 3020 genere
778 2956 1023 2998 nonum
1070 2939 1135 2997 in
1179 2935 1358 2996 diem
1412 2923 1625 2999 vitam
1657 2936 1831 2998 tole..

320 3034 507 3096 ravit
540 3034 619 3095 V.
663 3029 738 3093 C.
776 3035 931 3112 786.
984 3022 1046 3112 ὁ)
1099 3029 1375 3092 Cineres
1413 3029 1832 3114 dispergijus-

322 3129 397 3190 fit
431 3127 789 3209 Tiberius,
830 3125 923 3188 <ne
961 3144 1256 3206 unquam
1300 3126 1674 3206 sepulturae
1714 3125 1833 3186 ho-

320 3243 447 3287 nos
496 3222 734 3285 haberi
792 3222 1021 3305 posset.
1077 3217 1136 3298 θ)
1236 3219 1721 3303 Desponsatam
1772 3223 1835 3284 ei

321 3317 510 3380 fuisse
541 3316 830 3380 sororem
874 3314 1202 3389 Othonis»,
1257 3316 1368 3397 qui
1410 3313 1682 3377 subinde
1712 3317 1829 3378 irn-

239 3402 250 3412 ’
323 3413 585 3499 perium
627 3410 1039 3498 degustavit,
1109 3406 1315 3471 refert
1370 3401 1830 3494 Suetoniusst')

570 3689 800 3768 'Numa'
850 3700 1165 3776 Neronis,
1247 3708 1304 3762 et
1369 3697 1574 3783 Drust.

3271 573 3407 632 ²¹7

1888 747 1957 808 ni
2006 743 2325 839 honorati
2367 762 2502 806 non
2539 742 2703 806 sunt.
2805 751 2893 809 At
2932 744 3266 809 habemus
3294 766 3410 809 nu·

1890 859 2039 903 mos
2079 835 2665 921 Caesaraugustae,
2718 839 2788 900 in
2830 839 3072 923 quibus
3109 843 3266 905 hinc
3301 861 3410 905 ca·

1891 947 2011 1019 put
2045 933 2349 1009 Tiberii,
2401 932 2622 1003 illinc:
2707 933 2977 999 NERO.
3035 934 3406 999 CAESAR.

1890 1026 2263 1093 DRVSVS.
2301 1025 2668 1088 CAESAR.
2721 1028 2964 1093 IIVIR.
3021 1033 3220 1115 Caput
3250 1033 3409 1095 utri·

1893 1142 2082 1209 usque
2117 1123 2384 1197 nudum,
2440 1121 2550 1182 vel
2591 1127 2800 1206 togati
2833 1126 3140 1210 sedentes,
3194 1138 3252 1190 et
3251 1127 3410 1211 jun-

1889 1227 2109 1302 gentes
2140 1219 2453 1281 dexteras.
2508 1216 2848 1301 (Florez.)
2899 1221 3158 1283 Eodem
3206 1222 3415 1284 modo

1896 1325 2231 1375 vocantur
2269 1311 2759 1396 Quinquennales
2797 1315 2863 1376 in
2903 1317 3123 1377 numis
3168 1319 3413 1380 Novae

1900 1405 2353 1490 Carthaginis,
2410 1404 2652 1492 (lbid.)
2707 1409 2782 1471 In
2815 1412 3032 1472 numis
3058 1414 3295 1476 Vticae
3316 1410 3417 1472 le-

1902 1503 2118 1585 gitur:
2171 1501 2466 1565 NERone
2507 1499 2758 1568 CAES.
2802 1504 2887 1587 Q.
2930 1506 3065 1567 PR.
3104 1507 3172 1570 in
3211 1507 3364 1571 aliis
3399 1528 3444 1581 :b

1900 1595 2156 1682 DRvso
2194 1594 2438 1682 CAES.
2489 1596 2574 1678 Q.
2621 1597 2762 1660 PR.
2863 1599 3105 1662 Functi
3141 1623 3302 1687 ergo
3355 1601 3424 1662 in

1902 1691 2261 1776 provincia
2296 1690 2533 1755 Africa
2574 1692 2720 1754 sunt
2762 1712 3034 1757 munere
3083 1697 3422 1782 provinci-

1905 1786 2043 1867 ali,
2096 1784 2205 1847 etsi
2262 1805 2402 1848 non·
2442 1789 2599 1849 satis
2665 1786 2953 1867 constet,
3007 1804 3227 1855 utrum
3312 1793 3424 1856 de-

1906 1893 2176 1942 curtata
2233 1879 2407 1943 haec
2490 1879 2837 1947 vocabula
2927 1884 3216 1973 legenda
3301 1887 3423 1955 fint

1909 1975 2242 2065 Quaestor-e
2265 1975 2656 2041 I’Rovt‘nciae
2682 2022 2701 2051 ,
2757 1998 2843 2040 an
2884 1980 3218 2068 Quassore
3244 1984 3426 2048 PRo·
3515 1980 3518 1987 ’

1880 2062 2231 2152 “praetor-e,
2285 2071 2466 2152 quod
2504 2070 2826 2153 posterius
2874 2078 2998 2139 effe
3034 2082 3251 2162 magis
3270 2098 3425 2165 pro·

1910 2163 2136 2226 babile
2159 2211 2180 2241 ,
2231 2164 2433 2228 latius
2469 2166 2632 2229 olim
2670 2167 3029 2252 disputavi.
3080 2176 3137 2248 8)

1907 2446 2044 2513 Sub
2099 2448 2405 2534 Caligula.
2466 2408 2499 2440 '³

2198 2546 2467 2610 NERO.
2504 2548 2646 2617 ET.
2690 2548 3063 2639 Davsva
3098 2509 3418 2629 cAasA.

2199 2642 2386 2704 RES.
2449 2646 2724 2733 Vterque
2757 2667 2907 2731 equo
2956 2649 3307 2720 decurrens.

1911 2732 1989 2796 C.
2029 2733 2379 2801 CAESAR
2413 2740 2631 2805 DIVI.
2673 2741 3179 2826 AVGAERON.
3208 2748 3420 2816 AvG.

1906 2828 1984 2891 Ρ.
2023 2832 2121 2893 Μ.
2170 2835 2318 2896 TR.
2361 2837 2434 2902 P.
2479 2837 2699 2923 (vario
2761 2840 3055 2923 numero)
3106 2844 3184 2907 P.
3240 2846 3318 2912 Ρ.
3360 2850 3474 2912 efn-
3535 2827 3540 2836 ’

1909 2925 2163 2993 medio.-
2215 2931 2286 3014 S.
2336 2929 2412 2996 C.
2517 2933 2659 2998 AE.
2715 2940 2795 3000 Π.

2017 3024 2227 3087 obvii
2268 3039 2334 3088 et
2367 3028 2706 3114 elegantes
2744 3031 2887 3093 funt
2927 3030 2998 3094 hi
3024 3036 3235 3114 numi,
3259 3012 3430 3120 qu'os

1920 3113 2277 3206 Caligula,
2330 3141 2482 3186 cum
2534 3123 2648 3187 sub
2689 3127 2958 3210 imperii
3031 3131 3291 3194 aditum
3356 3153 3427 3198 a·

1917 3231 2179 3279 morem
2231 3219 2300 3278 in
2372 3218 2520 3281 suos
2586 3240 2628 3283 a
2693 3220 2977 3285 Tiberio
3038 3242 3427 3314 peremptos

1916 3323 2009 3384 ad
2039 3311 2540 3377 conciliandam
2587 3316 2824 3399 populi
2884 3316 3433 3386 benevolentiam

1913 3407 2316 3478 adfectasset
2348 3457 2367 3486 ,
2418 3409 2484 3470 in
2525 3409 2814 3474 fratrum
2875 3411 3203 3476 honorem
3243 3416 3435 3482 feriri

1905 3505 2119 3593 jussit.
2219 3502 2324 3564 De
2415 3508 2555 3585 ejus
2613 3507 2680 3566 in
2734 3506 3071 3580 Neronem
3155 3510 3433 3576 adfectu

1924 3616 2075 3667 tum
2112 3595 2393 3680 vulgato
2438 3602 2541 3684 egi
2578 3600 2770 3684 supra
2802 3602 2873 3663 in
2916 3591 3212 3667 Neronis‘
3259 3609 3431 3673 vita.

1920 3693 2225 3782 Equessri
2251 3691 2385 3756 hoc
2427 3706 2598 3779 typo
2636 3695 2724 3757 usi
2766 3699 2907 3779 jam
2948 3695 3094 3763 funt
3120 3698 3321 3786 CaJ‘us
3364 3717 3431 3767 et

1923 3792 2175 3856 Lucius
2227 3789 2567 3876 Agrippae
2609 3789 2755 3862 filii.
2835 3859 2840 3868 ,

360 3929 367 3934 -
422 3892 557 3960 Sub
609 3892 861 3960 Tiberio
912 3890 1128 3952 numis
1177 3890 1533 3952 commatis
1587 3889 1854 3968 Roma-⁸
1906 3927 1911 3938 .

394 4348 451 4408 a)
487 4346 624 4396 Tac.
664 4347 810 4397 Anu.
848 4346 948 4397 IV.
986 4359 1037 4406 4.
1264 4340 1320 4404 b)
1362 4343 1510 4393 Anu.
1549 4340 1650 4391 IV.
1686 4342 1775 4407 36.

326 4427 399 4481 5⁴
489 4414 628 4468 Tac.
669 4415 812 4470 Anu.
853 4414 956 4471 vl.
996 4429 1080 4479 23,
1152 4409 1266 4462 Dio
1301 4410 1369 4472 1..
1407 4409 1613 4462 Lvm.
1653 4409 1684 4477 ς
1726 4423 1807 4477 »3.
1859 4391 1869 4410 ”

326 4449 548 4549 g)·VoL
589 4481 686 4531 tv.
724 4498 777 4548 p.
818 4490 937 4542 248,

2804 4344 2864 4410 d)
2901 4346 3047 4397 Suet.
3109 4344 3165 4393 tn
3218 4342 3345 4395 Trb.
3383 4299 3470 4400 ω’

1969 4345 2018 4410 c)
2053 4345 2194 4401 Tae,
2236 4345 2382 4395 Aun.
2417 4344 2520 4396 lv.
2557 4347 2606 4396 6.
3073 4403 3080 4410 ,

2850 4411 2894 4475 s)
2934 4417 2991 4465 in
3029 4409 3252 4486 Othone
3289 4430 3335 4467 c.
3377 4433 3430 4477 ι,

2041 4409 2096 4477 e')
2131 4412 2278 4464 Suet.
2316 4411 2430 4465 Dio
2465 4413 2504 4471 l,
2540 4430 2588 4470 c.

2851 4547 3044 4617 'Ee
