4225 5450
1398 482 2352 563 VESPASIANVS.

270 683 592 751 PONT.
634 680 843 748 mx.
892 680 1039 746 Ta.
1075 682 1146 748 Ρ.
1195 678 1386 749 cos‚
1431 648 1583 748 vn.
1626 683 1699 745 P.
1750 683 1826 747 P.

255 782 614 846 Columna
645 781 952 866 rostrata,
1035 782 1155 844 cui.
1180 780 1385 864 insfiit
1433 776 1826 866 simulacrum

258 876 539 943 nudum
570 877 769 957 capite
795 874 1090 951 radiato,
1142 872 1204 939 d.
1257 872 1527 959 hastam,
1567 873 1631 957 s.
1676 870 1829 955 quid
1896 875 2042 939 Iam
2082 893 2248 937 vero
2287 886 2354 937 et
2387 875 2729 938 radiatum
2795 887 3001 959 caput
3042 874 3168 951 est,
3222 878 3405 958 quod
3505 894 3515 906 '

252 973 491 1058 n‘vfiar
564 973 909 1052 parazonii
986 979 1211 1037 tenens.
1333 970 1480 1031 AV.
1537 965 1821 1045 (Morel-

252 1067 340 1131 li.

344 1064 646 1246 )Typus
697 1158 808 1245 hig:
852 1158 922 1219 in
975 1157 1391 1240 sequentium
1445 1158 1650 1218 etiam
1698 1174 1811 1217 an-

258 1278 547 1321 norum
590 1254 849 1328 numiS,
898 1264 1041 1313 tum
1104 1264 1169 1323 et
1226 1250 1519 1314 filiorum
1566 1251 1814 1315 visitur.

260 1352 546 1417 Adhuc
584 1351 905 1411 idoneum
944 1349 1641 1431 interpretem-nactus
1680 1364 1814 1407 non

266 1446 415 1525 est,
478 1464 704 1526 neque
743 1460 867 1525 ego
909 1444 1304 1527 promittere
1338 1440 1605 1517 ausim,
1659 1458 1812 1503 con-

251 1546 600 1624 jecturae
647 1557 884 1615 meae,
940 1544 1141 1620 quam
1182 1558 1345 1601 mox
1384 1536 1759 1624 producagn
1791 1580 1810 1610 ‚

258 1634 540 1720 Justum
598 1633 862 1717 pondus
924 1632 1145 1696 inesse.
1297 1634 1811 1715 Havercampus

273 1730 574 1804 censet,
613 1727 932 1790 ‚exhiberi
963 1738 1260 1789 veterem
1300 1728 1683 1790 columnam
1705 1745 1813 1787 ro-

156 1810 163 1827 ’
267 1824 621 1901 stratam,
694 1842 867 1904 quae
920 1822 990 1884 in
1067 1821 1435 1885 Vitelliano
1500 1822 1813 1883 incendio

274 1921 606 2007 perierit,
660 1915 956 1980 restituta
997 1915 1267 1977 subinde
1305 1936 1348 1976 a
1381 1914 1811 1999 Vespasiano,

274 2016 500 2096 hujus
540 2031 705 2074 vero
739 2006 1171 2095 imperatoris
1212 2010 1337 2071 esse
1385 2007 1665 2072 statuam
1716 2009 1814 2070 illi

272 2108 706 2193 impositam.
829 2107 1262 2168 Eruditorum
1328 2104 1585 2186 judicio
1656 2123 1813 2187 perf

281 2207 507 2268 mitto
534 2248 552 2277 ,
607 2220 693 2262 an
730 2221 863 2262 non
913 2200 1094 2273 alia,
1150 2201 1527 2280 certiorque
1560 2197 1693 2261 hoc
1714 2211 1815 2278 ty·

278 2319 384 2382 po
450 2295 664 2358 statua
700 2295 1131 2379 intelligenda
1188 2292 1306 2371 sit,
1382 2313 1468 2355 ea
1515 2311 1757 2375 nempe
1795 2336 1813 2367 ,

274 2395 380 2461 de
423 2410 609 2475 qua,‘
652 2403 987 2471 tanquam
1044 2390 1127 2449 de
1193 2390 1360 2452 artis
1442 2386 1816 2466 miraculo,

287 2485 583 2572 copiosa
657 2484 983 2546 habemus
1042 2494 1346 2545 veterum
1397 2480 1815 2561 testimonia,

284 2595 363 2645 et
408 2600 589 2663 quae
622 2579 767 2664 ipsa
804 2575 1186 2659 Vespasiani
1242 2596 1510 2660 quoque
1547 2574 1812 2658 imperi-

290 2698 415 2741 um
455 2673 869 2738 nobilitavit.
1016 2671 1264 2736 Erecta
1322 2671 1456 2734 fuit
1525 2670 1814 2734 Neronis

288 2773 509 2856 jussu,
560 2771 887 2851 hujusque
916 2765 1180 2850 insignis
1216 2768 1535 2851 imagine,
1588 2767 1813 2850 operis

294 2865 678 2930 architecto
727 2863 1108 2940 Zenodoro,
1163 2862 1305 2924 alta
1342 2857 1545 2947 pedes
1585 2857 1815 2943 CX.⁸)

290 2953 635 3030 ,Suetonio
669 2958 875 3040 pedes
902 2955 1101 3022 CXX.
1151 2946 1218 3036 b)
1274 2957 1345 3018 P.
1371 2956 1629 3018 Victori
1672 2954 1813 3021 CII.

295 3054 541 3128 semiS,
594 3057 647 3124 ⁶)
727 3049 1014 3112 Eusebio
1080 3049 1414 3114 CXXVII.
1470 3041 1526 3124 ἆ)
1604 3050 1817 3112 Dioni

289 3149 379 3224 -Ω,
435 3146 497 3226 ⁸)
551 3146 733 3222 Divo
773 3146 1196 3226 Hieronymo
1252 3142 1458 3207 CVII.
1506 3134 1553 3221 f)
1604 3144 1813 3207 Dam-

3165 439 3194 475 ⁸
3265 498 3412 578 {335

2002 778 2005 781 Ἴ
2097 688 2271 769 Quae
2312 678 2621 748 Rhodium
2658 679 2842 748 moles
2895 685 3132 749 vincere
3169 685 3410 770 gaudet

3028 801 3203 865 opus.

1893 970 1963 1030 in
2003 970 2222 1031 numis
2257 969 2362 1031 liis
2407 967 2829 1034 simulacrum
2883 967 3105 1034 offert.
3205 970 3404 1055 Eg're·

1892 1063 2000 1146 gie
2041 1065 2247 1124 etiam
2294 1061 2651 1146 respondet
2675 1077 2977 1148 tempus;
3030 1084 3189 1126 nam
3223 1076 3399 1128 anno

1895 1150 2166 1218 demum
2202 1161 2283 1219 V.
2323 1156 2397 1219 C.
2448 1170 2585 1245 829
2613 1206 2632 1236 ,
2685 1179 2820 1220 non
2862 1171 3100 1237 antea,
3139 1216 3158 1243 ,
3185 1161 3296 1223 hic
3341 1163 3414 1222 in

1894 1253 2113 1312 numis
2151 1264 2355 1335 typus
2395 1253 2788 1335 conspicuus
2824 1253 2921 1316 fit.
3023 1259 3113 1317 At
3149 1252 3408 1317 constat

1898 1364 1983 1405 ex
2040 1340 2397 1425 Dione,¹¹)
2451 1346 2768 1430 coloss'um
2822 1348 3002 1411 hunc
3088 1347 3404 1434 insignem

1895 1458 2073 1502 anno
2119 1444 2202 1505 V.
2240 1438 2315 1502 C.
2354 1451 2490 1512 828
2540 1443 2609 1504 in
2650 1445 2768 1505 via
2824 1443 3013 1505 sacra
3049 1445 3357 1511 beatum
3382 1492 3405 1522 ,

1894 1534 2341 1616 quem'adeo,
2393 1548 2466 1597 ut
2527 1539 2696 1600 tanti
2750 1538 3116 1600 moliminis
3173 1557 3407 1622 opus,

1894 1641 2099 1712 atque
2141 1631 2210 1691 in
2244 1630 2450 1692 solem
2489 1630 2727 1716 religio
2787 1632 3214 1715 merebatur,
3263 1633 3407 1718 pla·

1893 1725 2032 1785 cuit
2072 1744 2428 1786 numorum
2466 1728 2671 1788 etiam
2711 1728 3105 1791 celebritate
3146 1724 3405 1809 efferre.
3499 1738 3508 1749 '

1893 1821 2146 1881 Verum
2186 1839 2360 1901 quae
2394 1840 2478 1881 ex
2512 1823 2694 1882 numi
2731 1820 3023 1906 imagine
3065 1841 3201 1884 non
3235 1822 3408 1889 levis
3457 1842 3466 1847 ·
3536 1827 3541 1832 ’

1897 1914 2227 1975 enascitur
2271 1911 2677 1995 difficultaS‚
2733 1915 2856 1992 est,
2911 1918 3097 1999 quod
3173 1929 3408 1983 tantae

1888 2008 2269 2072 altitudinis
2288 2055 2307 2087 ‚
2359 2009 2815 2091 ponderisque
2849 2010 3133 2073 colossus
3155 2094 3162 2099 ·
3188 2013 3406 2097 impo-

1894 2101 2047 2162 litus
2093 2101 2181 2163 est
2217 2100 2607 2183 columnae,
2658 2122 2838 2179 non,
2894 2108 3077 2187 quod
3096 2106 3230 2169 hae
3249 2125 3408 2170 cau-

1900 2196 2005 2255 sae
2041 2194 2376 2277 postulare
2410 2194 2770 2273 videntur,
2823 2196 3000 2274 basi,
3051 2210 3193 2261 tum
3220 2200 3403 2279 quod

1900 2308 1982 2350 ea
2019 2290 2318 2363 navium,
2349 2288 2571 2352 rostris
2656 2291 3059 2369 decoratur,
3113 2312 3403 2377 quorum

1896 2382 2049 2446 sane
2078 2385 2269 2445 ‘ratio
2332 2385 2684 2468 ignoratur
2715 2432 2733 2463 ,
2783 2404 3003 2468 neque
3043 2388 3406 2451 meminere

1896 2478 1964 2540 in
2002 2478 2242 2541 colossi
2296 2478 2739 2562 descriptione
2799 2494 3087 2544 vetenes.
3199 2483 3404 2544 Vere-

1894 2593 2017 2655 or,
2065 2592 2151 2635 ne
2187 2585 2473 2657 utraque
2502 2575 2676 2637 haee
2710 2573 3033 2659 peristafis
3072 2579 3406 2658 conjectu·

1896 2688 2012 2731 rae
2058 2688 2253 2732 meae
2308 2669 2631 2733 damnosa
2690 2669 2782 2735 fit.
2893 2671 2980 2734 Et
3042 2669 3409 2736 rostrorum

1897 2765 2170 2846 quidem
2204 2765 3065 2850 explicatumignoramus,
3119 2780 3193 2829 ut
3220 2768 3409 2851 igno·
3457 2799 3476 2812 κ

1894 2879 2126 2921 ramus
2170 2858 2716 2942 pleraquehujus
2755 2863 3001 2924 aetatis
3053 2859 3243 2925 facta
3295 2864 3405 2924 de-

1896 2956 2178 3038 perditis
2217 2954 2444 3016 Taciti
2483 2967 2549 3015 et
2581 2955 2824 3019 Dionis
2862 2955 3205 3040 operibus,
3231 2976 3406 3038 quae

1870 3051 2145 3133 *magno
2183 3050 2249 3110 in
2289 3046 2707 3131 explicandis
2741 3050 3042 3135 priorum
3074 3070 3406 3114 annorum

1896 3140 2116 3208 numis
2146 3143 2339 3206 fuere
2376 3141 2658 3205 subsidio
2686 3191 2706 3222 ,
2755 3149 2840 3208 et*
2865 3144 3045 3208 forte
3106 3155 3246 3209 non
3283 3147 3406 3209 im·

298 3245 483 3306 natis
532 3241 819 3303 Neronis
863 3238 1218 3301 sceleribus
1260 3259 1410 3301 cum
1466 3259 1616 3302 eam
1662 3241 1814 3303 viti·
1894 3238 2274 3323 probabilis
2317 3241 2742 3317 conjectura,
2795 3242 3010 3325 petita
3074 3262 3161 3303 ex
3219 3241 3408 3304 felici
3495 3275 3505 3283 ·

300 3359 413 3400 um
463 3336 718 3420 passam
752 3334 1185 3397 reficiendam
1225 3331 1657 3418 Vespasianus
1705 3353 1813 3397 cu·
1901 3332 2400 3418 Vespasianiab
2420 3333 2695 3395 Oriente
2730 3336 2973 3413 reditu,
3023 3339 3209 3418 cujus
3228 3337 3407 3419 sym]-

296 3434 538 3511 reniret,
590 3429 866 3514 dempto
903 3429 1062 3490 inde
1099 3433 1236 3508 ejus
1273 3430 1595 3512 principis
1633 3430 1816 3513 capi·
1894 3427 2128 3490 bolum
2164 3426 2258 3489 sol
2298 3425 2424 3501 est,
2475 3426 2727 3489 adferri
2761 3431 3010 3513 posset,
3064 3430 3102 3492 fi
3143 3431 3404 3494 luberet

214 3541 225 3552 ·
297 3540 402 3605 te,
455 3525 769 3608 Solisque
799 3521 1108 3605 imposito
1154 3524 1381 3607 capite
1450 3523 1595 3585 Soli
1657 3543 1809 3585 eam
1889 3522 2242 3585 inhaerere
2295 3521 2717 3604 conjecturis,
2815 3525 2922 3596 Ad
2969 3525 3149 3588 idem
3219 3523 3402 3588 forte

298 3621 581 3684 dicavit.
632 3618 694 3702 ὅ)
747 3618 1065 3680 Habuisse
1108 3619 1287 3680 hunc
1333 3617 1655 3680 coloss'um
1699 3637 1809 3679 ra·
1888 3628 2351 3702 argumentum
2387 3616 2721 3684 referendi
2750 3617 2916 3684 -sunt
2949 3622 3133 3682 numi
3164 3639 3397 3705 argem-

300 3717 453 3776 dios
488 3713 636 3774 VII.
659 3759 678 3786 ,
730 3711 1047 3774 testantur
1081 3712 1580 3794 Hieronymus,
1634 3727 1701 3776 et
1735 3715 1804 3782 P,
1885 3714 1978 3775 tei
2014 3714 2081 3773 in
2121 3711 2462 3774 consulatu
2507 3712 2890 3798 Vespasiani
2922 3715 3103 3779 vm.
3139 3714 3396 3801 Egnati,

300 3810 576 3882 Victor,
627 3798 693 3887 ¹¹)
749 3805 1129 3888 etquidem
1160 3804 1485 3888 posterior
1518 3806 1804 3892 singulos
1880 3810 1953 3872 in
1990 3826 2278 3890 quorum
2333 3801 2606 3872 ,aversa
2662 3827 2870 3892 prora
2915 3799 3110 3874 nasis
3170 3812 3401 3873 immi-

295 3902 485 3966 fuisse
521 3901 771 3989 ped‘um
808 3899 1019 3962 XXII.
1053 3898 1245 3962 semis
1275 3947 1294 3975 ‚
1351 3920 1483 3985 quo
1518 3902 1601 3965 de
1637 3922 1798 3989 ‚pro-
1880 3915 2078 3965 nente
2116 3901 2393 3983 desuper
2437 3901 2605 3964 astro
2653 3903 2847 3982 solis,
2900 3907 2969 3967 in
3006 3905 3250 3987 quibus
3312 3906 3393 3977 il,-

297 3999 480 4085 digio
521 3993 900 4061 Martialis:
957 3994 1013 4073 ἰ)
1877 3998 1996 4060 lud
2030 3996 2272 4060 astrum
2313 3996 2462 4058 vice
2522 3997 2765 4060 colossi
2862 3998 3007 4062 Soli
3048 4000 3394 4076 dedicati,

387 4096 519 4160 Nec
565 4102 623 4168 te
654 4090 924 4170 detineat
958 4092 1105 4153 miri
1137 4088 1400 4172 radiata
1436 4089 1621 4180 colqffi
1637 4136 1658 4168 ,
1873 4104 1942 4156 et
1981 4091 2179 4156 navis
2209 4091 2359 4154 vice
2390 4089 2747 4154 columnae
2771 4091 3094 4156 rostratae
3111 4093 3385 4180 positae

350 4317 407 4420 ⁴a)
432 4319 588 4414 ἰἰῑιι,
637 4356 703 4406 L.
741 4357 1018 4415 xxxw.
1058 4324 1209 4426 5⁴13.

284 4424 419 4474 nico.
605 4425 679 4486 ae)
716 4423 780 4480 L.
817 4426 969 4483 LVI,
1010 4426 1039 4493 §
1085 4444 1162 4495 ¹5·

285 4508 358 4547 cc.
544 4490 588 4552 i)
625 4489 690 4542 L.
727 4492 771 4549 Ι,
812 4486 977 4564 epigr.
1014 4509 1101 4562 71,

2229 4355 2276 4419 e)
2314 4345 2372 4407 in
2409 4355 2456 4406 R
2546 4369 2652 4408 one
2689 4352 2794 4412 IV,

2204 4427 2268 4495 g)
2304 4423 2445 4480 Plin.
2461 4371 2804 4492 effieronym‚
2841 4420 2899 4474 fl.
2935 4350 3071 4479 wod)
3107 4369 3167 4404 ΠΙ
3205 4352 3380 4406 Chro.

3216 4422 3277 4492 h)
3315 4422 3380 4486 u,

1407 4353 1467 4422 b)
1505 4358 1563 4406 in
1601 4354 1825 4408 Nerone
1862 4373 1908 4407 c.
1945 4374 2037 4423 3¹·

1271 4467 1331 4562 iz)
1363 4423 1410 4544 ll]
1439 4422 1805 4545 ZnHabuuc
1844 4442 1889 4479 ο.
1926 4440 1983 4492 3.
