4225 5450
1267 463 1807 591 vxans

311 694 400 741 ve
447 673 923 762 ignorantiam,
972 688 1111 737 non
1144 692 1303 736 raro
1330 674 1401 737 in
1440 674 1824 757 municipiis

296 771 636 858 exemplo
675 769 981 853 irrepssss'e
1020 780 1275 830 certum
1323 770 1541 832 videri
1592 770 1819 851 possit.

308 864 417 929 Est
460 878 693 928 tamen
726 867 913 949 quod
944 863 1219 946 culpam
1263 864 1563 929 minuere
1591 864 1821 946 possit.

308 961 577 1023 Etenim
611 971 842 1023 narrat
868 960 1011 1022 Dio
1034 960 1121 1021 ad
1152 978 1401 1037 annum
1435 963 1515 1024 V.
1543 957 1618 1023 C.
1655 978 1818 1038 795,

311 1053 673 1118 Claudium
710 1100 731 1131 ,
786 1074 937 1118 cum
985 1053 1103 1130 fibi
1140 1066 1338 1118 natus
1391 1055 1549 1119 ess'et
1592 1053 1767 1114 filius
1795 1098 1816 1129 ,
1850 1056 1857 1061 ”

306 1149 426 1231 qui
469 1148 751 1214 subinde
794 1149 1223 1213 Britannicus
1264 1147 1353 1211 est
1419 1149 1678 1223 dictus,
1733 1166 1820 1210 ea

306 1243 488 1307 usum
542 1245 1019 1308 moderatione
1048 1289 1070 1323 ,
1142 1256 1219 1306 ut
1251 1256 1617 1329 propterea
1651 1243 1820 1305 nihil

307 1336 651 1421 splendide
689 1351 959 1425 ageret,
1010 1358 1094 1403 ac
1145 1358 1363 1421 neque
1426 1341 1491 1402 ei
1539 1336 1816 1402 Ava-

270 1431 451 1494 -STI
484 1480 504 1510 ‚
556 1454 781 1518 neque
852 1433 1246 1498 Meffalinae
1327 1434 1648 1521 Augustae
1698 1453 1816 1498 no·

310 1546 463 1592 men
498 1528 651 1592 dari
695 1541 1047 1614 pateretur.
1107 1526 1173 1608 ⁸)
1222 1526 1392 1593 Cum
1428 1531 1647 1593 nullus
1686 1536 1815 1595 Au-

308 1621 467 1706 gusti
511 1626 893 1708 cujuspiam
929 1623 1105 1687 filius
1134 1625 1242 1688 feu
1282 1626 1656 1703 naturalis,
1708 1626 1816 1688 seu

276 1719 680 1803 'adoptivus
718 1733 873 1784 ante
889 1718 1253 1783 Claudium
1290 1721 1456 1785 vivo
1487 1733 1680 1804 patre
1704 1742 1817 1785 un·

311 1830 512 1892 quam
573 1816 796 1878 dictus
844 1815 1049 1878 fuerit
1100 1815 1477 1901 Angustus,
1546 1820 1819 1901 ejusque

306 1908 534 1973 multia
566 1908 719 1995 post
750 1912 943 1974 annis
972 1911 1265 1995 primum
1290 1910 1674 1993 exemplum
1708 1914 1819 1975 de·

315 2002 483 2066 derit
531 2007 637 2069 M.
684 2007 1034 2081 Aurelius,
1074 2007 1203 2088 qui
1242 2007 1531 2088 imperio
1578 2005 1694 2068 suo
1727 2007 1819 2069 ad

316 2094 513 2160 finem
552 2114 875 2186 vergente
912 2099 1367 2163 Commodum
1412 2099 1620 2162 {ilium
1668 2101 1816 2165 Au-

304 2195 548 2275 gustum
586 2197 814 2272 dixit,
866 2197 1070 2281 idque
1130 2214 1268 2257 non
1330 2192 1579 2278 fugerit
1652 2195 1815 2283 Dio‘·

298 2303 457 2349 nem
496 2292 840 2353 eruditum
874 2310 1094 2352 rerum
1152 2292 1616 2353 Romanarum
1667 2290 1815 2352 scri·

302 2393 618 2466 ptorem,
670 2385 994 2448 credibile
1020 2372 1107 2448 est
1136 2435 1155 2461 ,
1208 2406 1291 2453 ne
1333 2384 1621 2447 otiosum
1652 2383 1818 2446 istud

311 2479 447 2558 ejus
474 2481 743 2542 dictum
780 2480 1154 2557 habeatur,
1238 2480 1467 2543 ausam
1528 2476 1817 2542 Mess'ali·

308 2590 465 2636 nam
507 2572 842 2658 Augustae
890 2574 1002 2637 fibi
1068 2595 1314 2638 nomen
1394 2573 1816 2660 efflagitare,

312 2684 397 2729 ac
432 2689 516 2733 ne
548 2669 716 2734 istud
763 2682 1040 2756 propter
1082 2672 1456 2735 novitatem
1492 2672 1561 2733 in
1600 2677 1816 2756 Augu-

314 2760 388 2825 Ri
424 2783 636 2827 uxore
673 2766 1072 2830 invidiosum
1114 2766 1308 2844 effet,
1342 2766 1618 2830 voluiss‘e
1653 2767 1819 2829 mo}-

316 2856 441 2920 lire
484 2860 812 2923 invidiam
855 2862 1035 2924 idem
1073 2864 1277 2925 decus
1329 2881 1461 2946 ,pro
1517 2861 1660 2926 filio
1705 2881 1817 2925 ex-

313 2954 613 3035 petendo
637 3000 657 3030 ,
708 2956 1181 3040 decretumque
1228 2954 1393 3019 istud
1421 2960 1561 3037 jam
1614 2956 1820 3019 fuerit

303 3065 358 3112 a
402 3048 630 3112 senatu
657 3096 677 3125 ,
732 3062 796 3112 et
822 3072 950 3135 per
1012 3051 1400 3136 provincias
1482 3051 1769 3115 diditum
1800 3096 1821 3127 ‚

302 3143 422 3204 ‚nni
462 3148 719 3208 rumori
748 3165 913 3212 -eum
946 3144 1407 3228 intempestive
1440 3145 1644 3208 fidem
1690 3146 1815 3210 ha-

312 3235 510 3302 beret
547 3240 857 3317 colonia,
906 3240 1180 3325 Augusti
1230 3240 1497 3303 titulum
1553 3241 1819 3304 Britan·

310 3333 467 3397 nico
502 3335 891 3410 addiderit,
952 3349 1326 3418 antequam
1375 3336 1459 3399 de
1509 3336 1820 3400 modera-

302 3427 508 3492 tioris
544 3427 816 3494 Claudii
842 3430 1193 3496 voluntate
1227 3427 1578 3507 conflaret,
1628 3449 1821 3515 prae·

309 3540 511 3586 noces
530 3522 659 3585 hos
688 3525 980 3588 honores
1004 3538 1154 3589 >tum
1181 3543 1318 3587 non
1350 3526 1818 3609 permittentia.

219 3602 241 3620 ’
300 3616 494 3678 Satis
548 3615 838 3694 constat,
888 3622 1314 3704 repudiatum
1392 3619 1496 3684 ,ab
1575 3622 1816 3686 eodem

288 3709 794 3794 patrisfinabas
842 3714 1113 3777 titulum
1165 3709 1499 3780 hactenus·
1559 3716 1816 3790 inaudi-

308 3817 481 3881 tum,
535 3823 734 3888 quem
777 3808 839 3869 ei
848 3806 1009 3897 plus
1044 3811 1815 3891 aequo'ass'entanseon-

306 3898 404 3968 sni
441 3897 797 3985 Vipsanius}
829 3904 1151 3968 decrevit.
1204 3892 1274 3990 ΙΙ)

1028 3998 1067 4030 ἢ

848 4049 886 4081 2
1211 4041 1249 4078 Ὀ

399 4087 896 4179 Exstat1etiam
947 4095 1376 4162 Britannicus
1437 4096 1509 4157 in
1594 4096 1815 4160 numia

370 4359 430 4425 a)
467 4360 530 4411 L.
570 4361 692 4412 Lx,
731 4361 763 4430 ς
807 4381 883 4415 102.
1060 4361 1135 4426 rb)
1170 4361 1347 4414 Tacit.
1387 4362 1539 4420 Arm,
1577 4361 1684 4414 XI.
1721 4378 1804 4429 ²5·

306 4447 356 4488 7.
549 4433 605 4488 e>
650 4432 790 4483 Anu.
834 4434 909 4487 11.
948 4444 1034 4500 54.

302 4496 524 4548 Nerone
561 4514 606 4552 c.
643 4503 693 4548 6.

1230 4430 1277 4494 f)
1316 4431 1455 4491 Tac,
1501 4433 1643 4485 Anu.
1680 4432 1782 4485 IV.
1822 4446 1908 4499 75.

1920 469 2493 548 CLAVDII.
3277 488 3412 569 ²55
3530 500 3537 507 ·

1904 669 2328 734 coloniarum
2369 671 2801 747 incertarum,
2854 682 2918 732 et
2951 669 3410 741 Alexandrino

1905 764 2215 838 Claudii,
2267 783 2439 847 quos
2499 762 2695 845 supra
2737 765 2804 827 in
2875 768 3096 828 numis
3141 767 3416 834 Claudii

1905 860 2266 923 commatis
2311 860 2643 943 peregrini
2684 860 2994 945 descripsi
3035 907 3054 936 ,
3104 863 3174 925 in
3253 882 3409 929 con-

1898 954 2106 1017 fortio
2150 952 2451 1015 sororum
2489 955 2865 1031 Antoniae,
2920 968 2986 1018 et
3050 957 3408 1026 Octaviae.

2639 1048 2666 1079 ὕ

2455 1097 2485 1131 Ω

1995 1144 2190 1207 onr
2237 1142 2355 1207 lv.

2084 1336 2433 1402 IVLIA
2526 1338 3214 1409 AGRIPPINA.

1992 1430 2397 1495 Parentibus
2435 1430 2866 1511 Germanico,
2918 1450 2985 1499 et
3032 1437 3410 1524 Agrippina

1896 1536 2065 1587 nata
2100 1526 2170 1587 in
2203 1528 2466 1610 oppido
2495 1526 2826 1593 Vbiorum
2863 1578 2882 1608 ,
2935 1533 3117 1613 quod
3150 1536 3238 1597 ab
3266 1535 3410 1619 ipsa

1901 1619 2177 1683 subinde
2215 1623 2508 1685 deducta
2562 1643 2646 1685 eo
2684 1626 2956 1690 colonia
3005 1628 3411 1713 Agrippinae

1902 1734 2152 1777 nomen
2195 1718 2482 1802 accepit,
2533 1714 2593 1800 ⁶)
2648 1722 2911 1787 Annum
2968 1725 3051 1784 V.
3105 1723 3184 1786 C.
3225 1727 3406 1806 769,

1905 1828 2040 1892 quo
2075 1830 2158 1875 ea
2200 1823 2372 1874 nata.
2402 1810 2527 1894 est,
2577 1833 2741 1877 eruo
2790 1837 2876 1879 ex
2942 1816 3287 1885 Suetonio.
3342 1812 3408 1901 ἆ)

1902 1905 2077 1969 Nam
2124 1924 2276 1967 cum
2310 1907 2368 1968 is
2405 1907 2697 1990 prodat,
2749 1908 3159 1977 Germanico
3209 1927 3405 1979 natas

1895 1998 2090 2061 fuisse
2125 2012 2261 2063 tres
2311 2000 2502 2063 sexus
2563 2001 2869 2068 feminini
2922 2008 3408 2093 Agrippinam,

1902 2093 2256 2157 Druffllam
2281 2143 2299 2173 ,
2351 2096 2672 2161 Livium
2721 2103 3039 2163 continuo
3076 2105 3406 2183 triennio,

1903 2185 2153 2250 constet
2189 2203 2415 2255 autem
2455 2211 2540 2253 ex
2574 2192 2859 2271 Tacito,
2913 2195 3153 2258 Iuliam
3197 2197 3408 2260 Livii·

1902 2281 2039 2345 lam
2100 2294 2330 2347 natam
2365 2289 2447 2347 V.
2520 2286 2596 2350 C.
2659 2307 2785 2366 771
2829 2334 2846 2363 ,
2901 2287 2959 2367 Β)
3011 2289 3240 2373 palam
3286 2289 3402 2368 fit,

1908 2379 2342 2461 Agrippinam
2381 2381 2662 2444 laudato
2701 2402 2742 2445 a
2767 2401 2874 2444 me
2897 2402 3075 2446 anno
3094 2385 3404 2449 inlucem

1903 2474 2184 2537 editam.
2282 2475 2598 2541 Natalem
2633 2477 3118 2543 Kalendarium
3174 2480 3404 2542 Antia-

1901 2569 2116 2630 tinum
2151 2569 2372 2635 statuit
2405 2574 2585 2635 diem
2609 2573 3180 2640 .V1.Novembri8.
3219 2578 3299 2639 V.
3327 2573 3404 2638 C.

1906 2675 2035 2743 781
2095 2684 2140 2729 a
2175 2666 2459 2730 Tiberio
2491 2666 2761 2733 elocata
2800 2666 2930 2734 fuit
2976 2667 3095 2736 Cn.
3153 2670 3405 2735 Domi·

1900 2764 2000 2826 tio
2034 2760 2536 2840 Ahenobarbo,
2581 2754 2634 2841 f)
2687 2785 2773 2828 ex
2810 2783 2945 2847 quo
2989 2766 3069 2833 L.
3114 2767 3406 2831 Domiti-

1902 2878 2057 2934 um,
2110 2857 2387 2922 subinde
2435 2860 2775 2930 Neronem
2843 2864 3176 2947 concepit.
3277 2862 3412 2924 11η·Ρ

1900 2965 2184 3039 perante
2223 2952 2533 3036 Caligula
2566 2974 2920 3019 commune
2969 2976 3120 3020 cum
3165 2956 3406 3021 sorori·

1905 3048 2029 3111 bus
2066 3045 2285 3111 fatum
2319 3047 2607 3120 habuit;
2659 3069 2819 3112 nam
2853 3054 3131 3135 perinde
3164 3052 3410 3118 vitiata

1906 3140 2190 3206 afratre
2229 3142 2395 3216 fuit3
2448 3153 2520 3204 at
2570 3161 2718 3206 cum
2792 3160 3231 3231 argueretur,
3286 3147 3409 3210 Le·

1902 3237 2108 3323 pido,
2162 3239 2487 3322 aliisque,
2537 3249 2740 3320 atque
2798 3241 3161 3324 ipiiet'iam
3205 3243 3408 3307 Sene-

1900 3351 2027 3396 cae
2066 3352 2309 3418 corpus
2345 3332 2672 3417 vulgaire,
2726 3333 3026 3419 relegata
3066 3336 3154 3399 est
3190 3340 3259 3400 in
3311 3338 3406 3401 in-

1898 3427 2079 3493 sulas
2109 3430 2388 3492 Pontias
2411 3474 2430 3503 ,
2481 3440 2726 3490 coacta
2759 3428 3048 3514 insuper,
3085 3431 3267 3498 -,caefi
3281 3432 3405 3497 Le·

1903 3523 2047 3606 pidi
2090 3523 2230 3587 oss'a
2266 3542 2476 3585 urnae
2501 3521 2761 3586 inclusa
2793 3525 2864 3586 in
2901 3522 3037 3587 finn
3094 3548 3214 3611 per
3262 3547 3406 3591 om-

1900 3637 2056 3680 nem
2090 3620 2272 3681 viam
2323 3619 2620 3681 Romam
2708 3639 2920 3705 usque
3007 3620 3295 3688 deferre.
3343 3620 3410 3705 ⁸)

1905 3712 2119 3775 Caeso
2154 3711 2461 3797 Caligula
2504 3734 2548 3777 a
2593 3728 2839 3798 patruo
2876 3713 3168 3781 Ciandio
3211 3736 3407 3782 revo-

1903 3818 2063 3872 cata
2103 3809 2437 3884 Romam,
2490 3824 2757 3874 mortuo
2796 3814 2968 3874 inter
3008 3813 3179 3878 haec
3225 3814 3405 3898 prio·

1895 3921 1973 3964 re
2010 3904 2299 3979 marito,
2345 3904 2566 3988 -uupfit
2627 3905 2859 3990 Crispo
2941 3908 3279 3970 Passieno.
3334 3900 3403 3986 ¹²)

1900 3994 2052 4060 Post
2093 3999 2485 4062 Mess'alinae
2544 4000 2882 4062 interitum
2935 4003 3112 4064 adeo
3179 4002 3402 4064 illece-

1896 4091 2038 4156 bris
2077 4090 2436 4157 Claudium
2466 4094 2543 4157 in
2574 4094 2665 4156 rui
2697 4114 3000 4158 amorem
3031 4095 3278 4169 traxit,
3330 4107 3402 4156 ut

1986 4362 2044 4427 e)
2082 4361 2266 4415 Tacit.
2307 4359 2455 4411 Anu.
2495 4359 2626 4417 ΧΠ».
2665 4375 2748 4410 ev.

2943 4357 3006 4428 d)
3043 4359 3100 4408 in
3140 4356 3307 4426 Calig.
3346 4374 3393 4411 ο.

2104 4433 2155 4502 g)
2195 4428 2307 4488 Dio
2342 4428 2408 4482 L.
2444 4427 2597 4487 LIX.
2635 4427 2666 4497 fi
2706 4445 2792 4485 22.

2991 4423 2998 4428 ’
3054 4425 3110 4492 11)
3151 4424 3298 4482 Suet.
3337 4428 3396 4483 in
