4225 5450
1256 544 1787 626 DRVSVS

1912 542 2432 624 SENIOR.
3267 575 3395 641 ¹75

288 746 671 836 adoptatus
701 761 870 813 erat.
968 746 1046 811 Id
1100 764 1253 813 oum
1287 746 1546 812 factum
1592 742 1803 812 fuerit
1874 740 2262 834 petiverat,
2315 765 2452 829 qua
2500 745 2765 809 ratione
2791 745 3078 810 invisum
3109 746 3394 839 Tiberio

286 850 378 910 V.
418 845 494 909 C.
538 864 716 926 757,
769 864 851 907 ac
884 863 1046 909 mox
1075 846 1159 909 V.
1200 842 1278 908 C.
1320 847 1458 923 760
1512 843 1835 907 abdica-⁴
1880 856 2090 928 caput
2126 840 2214 906 ab
2257 841 2422 904 urbe
2462 839 2762 907 Graeca,
2793 841 3027 906 inferri
3075 858 3394 910 monetae

293 940 407 1019 tus*
454 937 545 1004 ab
595 937 923 1024 Augusto,
976 949 1045 1002 et
1088 938 1159 1000 in
1212 938 1490 1002 insulam
1534 939 1797 1021 -depor-
1880 937 2202 1023 potuerit.
2301 936 2425 998 His
2459 934 2720 1020 laqueis
2753 957 2889 1021 quo
2923 937 2986 998 I'e
3016 942 3397 1024 expediret,

292 1048 514 1117 tatus,
566 1036 820 1098 necess'e
875 1030 964 1095 est
994 1082 1014 1112 ,
1065 1053 1342 1097 numum
1391 1034 1571 1098 hunc
1619 1034 1802 1096 intra
1881 1032 2118 1118 fingit,'
2166 1051 2444 1094 numum
2507 1033 2885 1116 imperante
2936 1032 3229 1098 Claudio
3285 1056 3396 1101 cu-

290 1131 427 1217 lioc
462 1130 824 1194 triennium
860 1128 1051 1192 fuiss'e
1087 1128 1430 1214 lignatum.

585 1226 1043 1291 AernAC.
1084 1222 1555 1289 ΔΓΡΙΠΠΟΤ.
1623 1225 1800 1288 KAl.

578 1320 796 1385 THC.
836 1320 1217 1386 lOTAlAC.
1270 1322 1508 1385 ΤΙΟΤ.
1551 1318 1806 1403 Agrip-

576 1435 668 1500 pa
704 1424 968 1499 togatus
981 1417 1185 1504 stans.

295 1512 724 1581 (ΣΕΒΑΕΤΩ.
769 1510 969 1583 ΘΕΩ.
1021 1511 1222 1595 Caput
1253 1511 1530 1598 Augusti
1550 1507 1806 1574 udum.

297 1611 449 1673 ΛΕ.
499 1611 611 1672 111.
665 1605 800 1682 (Ex
843 1604 1002 1668 mus.
1047 1627 1187 1693 reg.
1243 1604 1423 1671 Gall.
1498 1604 1808 1668 Harduin

294 1702 554 1768 Chron.
594 1713 730 1765 vet.
771 1698 911 1763 test.
935 1721 1001 1785 p.
1036 1721 1178 1784 573
1206 1749 1225 1780 ,
1275 1700 1555 1768 Mox-elli
1584 1701 1806 1783 Impp.

290 1796 533 1862 Sestini
574 1796 809 1877 lettere
848 1796 935 1859 T.
973 1796 1122 1880 IV.)
1436 1792 1441 1797 ’

392 1894 719 1979 Egregius
754 1890 866 1953 hic
906 1911 1144 1956 numus
1170 1940 1192 1970 ‚
1242 1895 1430 1975 eujus
1456 1906 1685 1958 tamen
1714 1895 1811 1976 ig·

292 2002 577 2054 noratur
607 1976 858 2072 patria,
910 1989 1255 2074 Agrippae
1292 1985 1491 2051 nostri
1517 2002 1813 2074 praeter-

301 2105 391 2149 ea
456 2096 772 2171 parentes
832 2083 931 2144 Μ.
978 2087 1401 2169 Agrippam,
1456 2096 1522 2147 et
1566 2085 1814 2149 Iuliam

297 2178 709 2242 manifestat.
813 2177 1321 2262 Havercampo,
1372 2198 1527 2243 cum
1560 2182 1631 2242 in
1660 2199 1812 2264 par-

293 2291 371 2355 te
409 2272 601 2341 numi
632 2248 903 2337 aversa·
914 2272 1272 2358 Augustum
1308 2274 1409 2338 dei
1462 2260 1663 2339 titulo
1697 2292 1813 2335 or-

292 2388 537 2449 natum
574 2370 878 2445 videret,
932 2382 1138 2452 atque
1185 2371 1344 2433 ideo
1395 2388 1682 2433 numum
1720 2387 1811 2431 eo

288 2483 571 2537 mortuo
619 2465 841 2529 cusum
892 2466 1333 2548 opinaretur,
1382 2466 1628 2529 mirum
1667 2483 1813 2527 om-

292 2567 463 2631 nino
497 2565 812 2642 videtur,
879 2561 1229 2644 quoniam.
1272 2561 1393 2624 vix
1465 2561 1730 2624 sublato
1776 2579 1815 2621 e

292 2663 481 2727 vivis
517 2653 810 2742 Augusto
866 2656 1173 2742 Agrippa
1226 2657 1534 2722 violenta
1595 2666 1815 2719 morte

1884 1126 2020 1191 sum
2057 1128 2147 1191 ad
2186 1127 2584 1211 servandam
2620 1129 2864 1191 domus
2903 1128 3230 1214 Augustae
3258 1152 3396 1196 me-

1884 1224 2199 1305 moriam,
2297 1223 2540 1285 Inanes
2572 1243 2679 1285 me
2700 1223 2958 1289 arbitro
2996 1244 3223 1302 curae,
3242 1248 3397 1291 cum

1887 1315 2161 1393 constet,
2216 1314 2576 1401 Augustum
2614 1320 2820 1381 etiam
2856 1321 3088 1384 vivum
3111 1341 3154 1384 a
3185 1320 3401 1404 Grae?-

1888 1417 2036 1477 ciae
2079 1410 2356 1475 urbibus
2389 1410 2590 1476 instar
2642 1414 2756 1477 dei
2804 1415 3099 1495 cultum,
3155 1431 3222 1482 et
3261 1419 3396 1484 hoc
3509 1480 3514 1487 .

1889 1509 2099 1571 etiam
2122 1508 2391 1571 nomine
2413 1508 2926 1594 compellatum,
2955 1515 3143 1600 cujus
3174 1534 3397 1580 exem.

1891 1604 2110 1690 plain
2151 1605 2370 1666 numis
2411 1603 2522 1667 vel
2572 1602 2713 1667 sola
2753 1605 3118 1691 Pergamus
3155 1608 3399 1696 suppe-

1893 1701 2089 1764 ditat.
2192 1697 2486 1765 Gravius
2544 1702 2612 1761 in
2683 1701 2870 1764 numi
2939 1702 3135 1785 hujus
3184 1707 3399 1791 expli·

1892 1795 2165 1859 catione
2225 1793 2508 1878 deliquit
2561 1791 2619 1858 F
2622 1795 2992 1882 rfflichius,
3057 1803 3172 1884 qui
3227 1803 3401 1866 Har-

1895 1884 2174 1953 duinum
2244 1888 2742 1972 antelignanum
2814 1892 3071 1957 secutus
3125 1917 3402 1963 numum

1894 1985 2075 2048 hunc
2096 1987 2438 2069 Agrippae
2458 1985 2541 2049 ΙΙ.
2565 1986 2860 2047 Iudaeae
2891 1992 3041 2075 regi,
3058 1996 3403 2080 Agrippae

1896 2079 1953 2145 1.
2024 2079 2168 2141 filio
2220 2080 2508 2157 tribuit,
2581 2082 2775 2166 (Not.
2830 2084 3025 2150 elem.
3075 2108 3143 2172 p.
3207 2088 3417 2172 228.)

1897 2194 2190 2256 cumque
2228 2174 2420 2254 hujus
2463 2187 2681 2238 mater
2721 2195 2766 2238 a
2812 2178 3098 2263 Iosepho
3161 2184 3412 2269 Cypros

1896 2268 2344 2355 appelletur„
2370 2268 2703 2333 existimat
2732 2316 2752 2347 ,
2829 2293 2984 2337 eam
3027 2274 3146 2338 fibi
3186 2280 3409 2342 hono·

1894 2366 1989 2427 ris
2028 2363 2230 2428 causa
2257 2364 2461 2430 Iuliae
2495 2385 2740 2429 nomen
2781 2369 3174 2452 adposuisse.
3226 2374 3408 2437 Red-

1899 2460 2366 2559 datur'numus
2399 2463 2740 2555 Agrippae
2779 2465 3124 2546 Romano,
3174 2481 3242 2532 et
3267 2471 3409 2533 nul.

1895 2556 1969 2621 la
2010 2555 2136 2620 erit
2179 2553 2441 2620 molesti
2479 2555 2714 2644 effugii
2759 2559 2984 2624 causa.

2231 2714 2268 2748 Ο

579 2943 951 3011 'NERO
1052 2944 1665 3013 CLAVDIVS
1752 2943 2223 3014 DRVSVS
2319 2943 3089 3013 GERMANICVS
3171 2982 3188 3002 x

1168 3133 1423 3222 vulgo
1519 3134 2003 3204 DRVSVS
2091 3135 2553 3209 SENIOR.
3375 3179 3438 3194 κ,

405 3331 628 3395 Natus
670 3330 763 3393 V..
810 3325 888 3408 C.
948 3328 1086 3407 716
1133 3338 1329 3412 patre
1379 3329 1493 3392 Ti.
1528 3325 1820 3394 Claudio
1898 3327 1993 3394 dii
2016 3340 2370 3413 paternam
2412 3322 2733 3411 stirpem,
2784 3327 2979 3391 Drufi
3036 3342 3417 3400 maternam

292 3431 587 3493 Nerone
619 3469 638 3498 ‚
689 3437 905 3487 matre
944 3411 1193 3499 Livia,
1245 3444 1381 3487 non
1462 3438 1694 3488 tamen
1750 3427 1822 3487 in
1906 3443 1987 3488 ex
2009 3437 2203 3508 gente
2241 3422 2445 3485 Livia
2474 3423 2744 3487 indicet.
2846 3425 3217 3488 Nam-teste
3257 3429 3424 3498 Sue-

303 3526 525 3588 domo
586 3532 917 3604 paterna,
966 3519 1076 3581 sed
1142 3519 1551 3598 Octaviani,
1618 3521 1823 3582 tertio
1903 3520 2097 3581 tonio
2146 3527 2197 3593 ⁰)
2248 3521 2512 3597 insertus
2549 3522 2623 3606 cst
2657 3529 2717 3582 et
2769 3519 3094 3584 Livi-orma
3130 3520 3425 3605 fannium

302 3615 576 3694 mense,
621 3635 723 3679 ex
764 3634 908 3698 quo
940 3614 1049 3677 hic
1102 3614 1372 3679 Liviam
1414 3614 1632 3679 Druso
1669 3635 1830 3699 gra·
1900 3614 2206 3698 adoptato
2252 3617 2319 3677 in
2364 3635 2498 3678 eam
2539 3625 2819 3680 materno
2866 3636 3024 3693 avo,
3113 3629 3182 3679 et
3228 3620 3416 3684 Pedo

303 3715 546 3778 vidam
587 3714 1012 3795 permittente
1066 3710 1309 3773 marito
1362 3730 1651 3775 uxorem
1708 3712 1824 3774 du·
1914 3710 2375 3773 Albinovanus
2427 3710 2496 3772 in
2550 3711 3007 3776 consolatione
3075 3713 3165 3778 ad
3236 3714 3426 3782 Livi-

300 3811 457 3884 xit,
534 3806 818 3890 vulgato
892 3817 1255 3892 propterea
1328 3805 1558 3872 versu:
1625 3806 1827 3871 beatis
1905 3797 2056 3868 am:
2113 3796 2176 3887 ‘¹)
2249 3807 2532 3870 Materni
2584 3806 2806 3872 celeber
2869 3813 3109 3874 nomine
3179 3812 3425 3898 Dmsus

304 3904 644 3990 trimestres
675 3900 903 3966 liberos
939 3902 1121 3987 nasci.
1176 3899 1241 3985 ⁸)
1293 3904 1719 3967 Praenomen
1763 3903 1825 3964 ei
1904 3902 2030 3966 avi.
2139 3902 2242 3964 Ad
2293 3901 2588 3965 honores
2624 3905 2862 3980 citius,
2923 3926 3127 3987 quam
3176 3908 3420 3990 perale·
3497 3905 3504 3912 ’

302 4001 609 4087 primum
660 3998 935 4073 Decimi,
991 3997 1234 4060 deinde
1268 4000 1549 4063 Neronis
1577 3996 1730 4075 fuit,
1762 3986 1826 4077 ¹²)
1901 4017 2022 4081 ges
2065 3997 2336 4072 liceret,
2389 4011 2794 4082 procurante
2847 4000 3137 4084 Augusto
3185 4004 3424 4065 admo-

306 4114 451 4180 quo
498 4090 872 4157 constanter
904 4093 975 4157 in
1004 4094 1225 4155 numis
1259 4094 1679 4168 inscribitur,
1732 4093 1826 4154 ni·
1907 4105 2015 4153 tus
2067 4089 2127 4172 e)
2178 4093 2336 4154 inde
2378 4091 2466 4156 ab
2513 4113 2689 4155 anno
2718 4097 2799 4156 V.
2838 4092 2913 4157 C.
2961 4111 3097 4178 739
3142 4114 3257 4182 per
3283 4099 3420 4160 sex-

306 4191 618 4256 mirum:
696 4188 966 4252 NERO.
1033 4187 1512 4253 CLAVDIVS.
1603 4186 1824 4250 DRv-
1908 4188 2177 4250 ennium
2237 4207 2444 4269 usque
2514 4191 2602 4251 ad
2655 4188 2838 4251 vitae
2903 4192 3156 4253 exitum
3227 4191 3442 4253 bellis·

304 4267 468 4351 SVS
499 4332 523 4365 ,
574 4282 660 4348 fic
698 4297 772 4348 ut
810 4283 1198 4347 nominibus
1234 4285 1513 4351 Neronis
1558 4294 1627 4343 et
1647 4280 1822 4347 Clau·
1909 4279 2332 4346 Germanicis
2369 4285 2689 4359 vacavit,
2772 4284 3032 4348 Suevos
3059 4330 3079 4361 ,
3162 4287 3416 4350 Sicam-

296 4521 640 4654 La)LIqusetk
660 4526 719 4576 in
756 4521 952 4575 Claud.
992 4540 1036 4575 c.
1080 4540 1124 4574 ι.
1322 4519 1379 4588 b)
1410 4520 1565 4581 Suet,
1602 4516 1739 4574 ibid.
1936 4523 1983 4587 e)
2022 4524 2079 4573 in
2112 4517 2247 4578 Tib.
2285 4537 2328 4576 c.
2365 4537 2422 4590 3.
2611 4521 2670 4587 d)
2711 4538 2846 4575 vers.
2889 4520 3003 4585 146.
3211 4525 3264 4591 e)
3305 4522 3417 4576 Dio

358 4631 370 4642 .
558 4629 570 4650 .
608 4647 625 4660 Ω
684 4608 765 4643 ιο.
813 4609 892 4655 19·

3617 3181 3738 3222 f
