4225 5450
1275 453 1741 581 tvmvs.
1835 481 2382 565 CAESAR.
3357 512 3399 573 ⁷

288 677 662 779 epigraphe
697 697 827 767 pro
868 672 1110 746 DICT.
1148 678 1354 745 TER.

642 873 729 940 V.
774 870 839 939 C.
896 888 1034 960 703
1077 872 1170 938 A.
1227 872 1306 945 Χ.
1343 875 1463 958 46.

540 968 726 1036 COS.
776 971 923 1035 ΙΙΙ.
968 966 1208 1036 DICT.
1267 970 1373 1034 H:
1413 969 1560 1077 ΙΙΙ.

520 1164 525 1173 ’
583 1159 1075 1241 C.-CAESAR.
1126 1160 1319 1231 COS.
1362 1160 1574 1230 TER.
1611 1158 1812 1246 Caput

540 1322 549 1327 .
579 1257 872 1325 muliebre
914 1259 1198 1325 velatum.

293 1358 382 1421 A.
422 1338 824 1421 HIRTIVS.
870 1356 1011 1420 PR.
1047 1355 1460 1441 Instrumenta
1481 1354 1810 1442 pontifica-

295 1453 409 1521 tia.
508 1453 659 1513 AV.
718 1448 989 1515 obvius,

398 1547 627 1630 Caput
658 1544 988 1609 muliebre
1018 1549 1232 1646 partis
1277 1546 1545 1611 anticae
1589 1546 1813 1611 Pieta-

2628 682 2662 717 Β

2805 731 2838 766 Β

1991 764 2348 844 Consulem
2413 736 2537 845 111.
2603 779 2812 843 etiam
2877 776 3109 865 prodit
3160 795 3405 847 numus

1889 873 2283 941 restitutoris
2348 877 2631 959 Trajani
2656 923 2674 955 ,
2758 896 2960 960 quem
3038 874 3408 959 explicabis

1891 991 2043 1059 xnus
2076 972 2259 1037 infra
2288 975 2360 1038 in
2395 975 2612 1038 numis
2632 969 3117 1038 restitutionum
3156 970 3210 1037 L
3238 967 3408 1037 Cae·

1895 1065 2105 1132 sarim·
2163 1090 2168 1097 ·

2261 1261 2344 1328 7.
2382 1261 2447 1329 C.
2494 1279 2649 1347 709.
2674 1261 2769 1327 A.
2807 1260 2908 1326 X.
2940 1280 3050 1347 45.

2162 1356 2305 1426 Cos.
2347 1356 2486 1425 IV.
2543 1354 3146 1427 DICT.111.1V.

2191 1540 2395 1634 Caput
2431 1549 2492 1617 I.
2550 1548 2834 1636 Caesaris
2870 1547 3242 1615 laureatum.

295 1646 390 1706 tis
433 1642 559 1704 ess'e
593 1636 895 1705 videtur.
988 1643 1064 1706 In
1117 1645 1338 1707 numia
1380 1642 1586 1705 musei
1642 1642 1814 1707 Cae·
1898 1642 3415 1726 L.FLAM1NIVS.111v1R.Mutaerstansd

298 1738 471 1801 farei
513 1735 786 1822 fingitur
822 1738 1022 1801 varia
1060 1752 1325 1816 aetate,
1380 1739 1451 1802 in
1513 1739 1667 1801 aliis
1716 1744 1818 1821 ju·
1899 1740 2222 1807 caduceum
2244 1743 2357 1828 ,s-
2392 1739 2645 1835 hefiam.
2735 1741 2890 1808 AR.
2951 1737 3322 1825 (Morelli.)

300 1834 553 1911 venili,
601 1832 672 1897 in
708 1830 863 1896 aliis
917 1836 1185 1914 media,
1236 1836 1308 1898 ἰιι
1372 1831 1527 1900 aliis
1587 1835 1814 1899 decre·

301 1930 474 2014 pita.

303 2024 553 2088 Hirtia.

602 2217 793 2283 COS.

607 2314 809 2399 Caput
839 2312 1101 2377 Cereris.

311 2391 650 2483 AVGVR.
749 2409 1022 2473 PONT.

302 2502 715 2591 pontficalia.
815 2503 959 2567 AR.
993 2503 1263 2571 obvius.

610 2598 686 2662 C.
737 2598 980 2664 CAES.
1030 2600 1217 2665 DIC.
1268 2601 1476 2665 TER.
1535 2602 1829 2667 Protome

616 2695 963 2762 Victoriae.

320 2754 400 2856 L.
435 2789 761 2856 PLANC.
785 2792 925 2861 ΡΒ.
939 2793 1143 2855 VRB.
1166 2791 1232 2855 in
1264 2792 1460 2858 aliis:
1510 2793 1830 2859 PRAEF.

319 2887 523 2952 VRB.
572 2888 828 2956 θυέτω.
910 2889 1073 2952 AV.
1126 2887 1395 2956 obvius.

418 2980 777 3045 Caesarem
813 3002 1133 3068 augurem
1177 2982 1622 3067 probabimus
1652 2981 1834 3048 infra

324 3077 392 3138 in
424 3079 568 3158 ejus
598 3077 847 3142 titulis,
944 3078 1052 3140 De
1094 3077 1172 3139 L.
1227 3079 1544 3144 Munatio
1575 3079 1833 3142 Planco

324 3169 752 3235 PRAEFecto
802 3173 1046 3237 VRBt’s
1075 3174 1334 3256 egimus
1374 3173 1441 3236 in
1473 3186 1670 3259 gente
1708 3173 1832 3236 Ce-

328 3264 480 3333 stia.
569 3267 829 3333 Numus
852 3267 1101 3346 similis,
1132 3266 1240 3329 sed
1279 3269 1836 3356 inscriptuslMP.

329 3357 673 3450 QVART.
708 3362 977 3426 videtur
1012 3347 1650 3442 Goltzianu5,et1i
1702 3383 1838 3438 non

326 3468 656 3542 repugnet
693 3456 1051 3552 historiae)
1124 3471 1192 3522 et
1250 3460 1502 3526 rationi
1570 3472 1839 3550 tempo-

326 3570 499 3615 rum.

626 3742 1002 3809 CAESAR.
1057 3743 1235 3809 ch.
1288 3745 1496 3810 TER.
1547 3745 1843 3810 Protome

633 3841 973 3905 Victoriae.

224 3947 227 3948 ’
330 3934 416 4012 C.
458 3931 761 4002 CLOVI.
800 3935 1058 4004 ΡΒΑΕ.
1094 3935 1306 4004 Pallas
1343 3934 1648 4022 gradiens
1706 3955 1840 4000 cum

326 4040 629 4118 tropaeo,
682 4030 877 4116 clypeo
911 4031 1234 4116 Medusae,
1285 4043 1344 4097 et
1378 4034 1578 4122 gaests
1618 4032 1699 4095 H
1677 4032 1839 4120 spa

322 4129 537 4204 uicis.
611 4128 748 4196 AE.
792 4129 887 4202 11.
936 4127 1202 4200 obviuS.

422 4222 532 4300 De
570 4222 819 4294 Cluvio
859 4222 1208 4314 praefecto
1291 4223 1398 4309 egi
1461 4222 1530 4286 in
1612 4225 1831 4298 numis

332 4318 552 4402 gentis
595 4317 930 4398 Cloviae‚
997 4332 1093 4384 et
1122 4316 1402 4381 Cestiae.
1460 4345 1467 4350 ·
1567 4375 1573 4387 ,

400 4529 461 4598 a)
496 4528 564 4582 L.
602 4527 812 4584 xuv.
847 4530 878 4601 ς
912 4543 966 4594 4.
1161 4530 1216 4595 b)
1258 4530 1320 4584 L.
1358 4531 1430 4584 x.
1471 4549 1516 4587 ο.
1557 4549 1640 4593 η.

2000 1840 2148 1902 Iam
2190 1857 2364 1900 nunc
2398 1838 2537 1917 ejus
2573 1848 2780 1920 caput
2825 1837 2894 1899 in
2935 1847 3213 1901 moneta
3236 1854 3419 1899 oom-

598 1927 707 1995 De
764 1930 846 1990 A.
911 1928 1135 1995 Hirtio
1207 1943 1435 1999 actum
1503 1931 1573 1993 in
1623 1943 1818 2017 gente
1903 1954 2145 2022 parere
2183 1932 2476 2017 incipit.
2545 1930 2784 1995 Refert
2818 1930 2992 1996 Dio.
3047 1928 3114 2008 ⁸)
3166 1951 3307 2021 προς
3354 1948 3422 1995 τε

1903 2050 2100 2108 feroce
2146 2047 2401 2105 τοιετοις
2467 2019 2602 2109 ime,
2665 2019 2895 2113 πατεροὲ
2947 2048 3012 2092 τε
3061 2018 3244 2094 ἁυτον
3297 2044 3423 2107 της

1905 2124 2187 2209 πατριδος
2235 2114 2675 2205 ἐπωνόμασαν,
2727 2143 2832 2188 και
2877 2125 2939 2201 ἐς
2974 2144 3050 2189 τοι
3081 2120 3422 2207 νόμιςματα

886 2216 2527 2301 TERT.DICT.1TER.sve94oepa1;-oev,haec
2561 2239 2694 2282 cum
2743 2221 2839 2283 ita
2888 2212 3095 2307 effen,
3175 2230 3425 2302 patrem

1911 2334 2047 2379 eum
2074 2315 2331 2396 patriae
2357 2307 2854 2396 appeUaverunt,
2904 2325 2964 2379 et
3007 2317 3075 2376 in
3099 2305 3394 2379 'muniiso
3338 2314 3429 2398 st-

1107 2412 1331 2477 MAx.
1413 2412 1828 2500 Instrumenta
1900 2416 2282 2496 gnaverunt.
2383 2408 2627 2471 Oratio
2687 2407 2996 2472 nonnihil
3061 2407 3427 2493 ambigua,

1908 2525 2118 2589 quam
2154 2503 2399 2566 iisdem
2443 2503 2672 2567 verbis
2705 2502 2985 2567 restituit
3017 2506 3348 2580 Zonaras,
3365 2491 3428 2581 ¹’)

1915 2621 2050 2685 quo
2088 2598 2390 2676 factum,
2442 2609 2517 2661 ut
2545 2618 2630 2661 ea
2677 2589 2958 2684 duplici
2989 2600 3198 2664 modo
3231 2596 3321 2662 ab
3362 2619 3430 2662 e-

1912 2696 2151 2766 ruditis
2194 2688 2674 2806 explicaretur.
2749 2694 2911 2758 Alii
2942 2695 3275 2781 censuere,
3299 2696 3433 2760 hae

1914 2791 2239 2856 sententia
2280 2792 2507 2868 innui,
2561 2791 2905 2855 decretum
2935 2789 3130 2872 ΐμὶῌο
3168 2812 3211 2856 a
3247 2791 3432 2855 sena·

1917 2901 2027 2966 tu,
2080 2897 2156 2947 ut
2188 2885 2239 2950 Ι.
2280 2869 2583 2950 Caesaris
2626 2900 2832 2972 caput
2880 2897 3197 2951 monetae
3232 2885 3435 2950 infer·

1916 2996 2140 3058 retur,
2155 2980 2364 3063 alii,
2430 2995 2503 3045 ut
2586 2994 2850 3047 tantum
2905 2980 3142 3044 titulus
3221 2981 3436 3067 patris

1922 3079 2190 3164 patriae
2262 3079 2483 3141 nuruis
2556 3077 3047 3141 inscriberetur.
3169 3078 3440 3160 Tamen

1924 3173 2246 3260 spectatis
2289 3172 2517 3236 verbis
2542 3173 2730 3258 prior
2771 3173 3092 3237 sententia
3123 3153 3439 3235 verifim'i-

1925 3290 2005 3331 or
2037 3266 2170 3356 est,
2209 3279 2292 3329 et
2325 3267 2605 3331 verbum
2648 3261 2870 3351 ἁυτον,
2944 3264 3144 3350 issam,
3195 3265 3438 3353 procul

1921 3359 2134 3429 dubio
2176 3363 2262 3425 ad
2303 3362 2584 3428 alteram
2612 3382 2879 3447 quoque
2901 3363 3260 3426 sententiae
3283 3382 3438 3448 par-

1916 3455 2059 3523 tem
2100 3460 2413 3544 pertinet.
2511 3461 2620 3530 Ad
2651 3457 2822 3520 haec
2848 3457 3119 3521 titulum
3155 3458 3362 3520 semel
3393 3478 3439 3539 ει

1917 3549 2150 3617 senatu
2197 3553 2568 3622 concess'um
2610 3552 2876 3617 inscribi
2917 3565 3231 3616 monetae
3266 3552 3436 3619 inro-

1923 3649 2067 3712 lens
2101 3646 2368 3734 prorsus
2407 3668 2544 3713 non
2586 3647 2696 3726 est,
2751 3665 2984 3711 verum
3029 3648 3210 3730 quod
3253 3658 3437 3710 ante·

1922 3743 2056 3809 hac
2098 3744 2429 3830 indultum
2470 3763 2809 3829 nunquam
2845 3741 3072 3828 fueret
3110 3791 3129 3822 ,
3214 3742 3433 3828 ipsum

1925 3835 2221 3902 ¹viventis
2285 3853 2496 3925 caput
2552 3843 2620 3906 in
2687 3840 2905 3903 numis
2970 3838 3318 3918 exhiberi,
3373 3839 3431 3900 is

1924 3934 2145 3999 honos
2187 3955 2406 3999 novus
2443 3935 2724 4015 exstitit,
2804 3948 2869 3998 et
2919 3936 3157 4022 dignus
3213 3888 3433 4012 adito,

1926 4030 2043 4114 qui
2095 4031 2185 4094 ab
2269 4030 2583 4095 historico
2651 4043 3167 4110 memoraretur,
3295 4031 3434 4094 Dio

1923 4125 2089 4190 istud
2131 4129 2472 4190 decretum
2527 4129 2696 4190 inter
2738 4130 2998 4191 senatus
3060 4140 3216 4190 acta
3280 4125 3438 4187 anni

1926 4242 2063 4304 710
2108 4223 2338 4306 refert,
2390 4236 2462 4286 at
2487 4223 2900 4300 verisimilius
2935 4222 3098 4284 mihi
3141 4222 3433 4298 videtu,

1924 4337 2075 4382 eam
2121 4320 2338 4405 legem
2385 4319 2517 4384 hoc
2592 4340 2770 4384 anno
2850 4319 3108 4394 iatam,
3189 4336 3432 4400 nempe
