4225 5450
1514 582 2249 665 CALIGVLA.

300 766 606 852 mvvsL
638 734 850 851 Ave.
890 784 1212 851 PATER.
1251 785 1674 850 PATmAE.
1705 785 1826 851 ca-

294 893 419 1001 put
450 884 724 970 Augrfii
754 881 1096 948 radiatum.
1196 885 1342 948 AV.
1403 882 1545 949 AR.
1615 879 1821 964 (Mus.

301 976 533 1060 Qec)
600 1070 675 1135 e.
705 1070 1075 1136 CAESAR.
1114 1067 1326 1133 AvG.
1370 1068 1821 1133 GERMANI-

605 1164 790 1231 CVS.
828 1167 905 1230 P.
940 1166 1035 1230 M.
1095 1165 1243 1228 TR.
1294 1164 1500 1230 POT.
1550 1167 1616 1228 in
1658 1168 1823 1229 imo.-

292 1304 327 1337 .
352 1242 397 1279 '⁸
603 1261 949 1327 PIETAS.
1002 1262 1222 1326 Pietas
1257 1260 1461 1324 velata
1495 1262 1717 1347 sedem·
1758 1258 1819 1322 d.

591 1366 881 1442 pateram
904 1403 923 1434 ,
956 1358 1014 1445 s
1059 1375 1302 1441 parvae
1333 1355 1599 1439 figurae
1656 1355 1825 1418 inni·-
1864 1370 1872 1378 ·

607 1473 723 1516 xa.
781 1453 893 1537 (ln
936 1453 1123 1519 aliis.-
1172 1448 1553 1513 TR.POT.
1593 1450 1821 1514 11.111.

310 1642 570 1709 DIVO.
601 1640 809 1704 AvG.
853 1641 922 1705 S.
958 1639 1032 1706 C.
1078 1639 1385 1727 Templum
1432 1641 1825 1729 magnificum

311 1744 355 1806 6
406 1738 517 1805 col.
545 1785 564 1817 ‚
618 1748 762 1801 ante
795 1736 961 1823 quod
1003 1738 1224 1825 Caesar
1267 1738 1506 1804 velatus
1539 1738 1720 1822 flans
1757 1737 1821 1802 d.

304 1844 601 1920 pateram
634 1833 833 1917 supra
877 1826 1101 1921 arans,
1170 1837 1367 1922 aussat
1435 1835 1828 1898 victimarius

312 1943 575 1995 taurum
607 1932 876 1993 attinens
895 1975 915 2006 ‚
966 1930 1105 1994 inde
1135 1930 1406 1996 caminus
1427 1929 1486 2015 J]
1537 1937 1828 2012 pateram

312 2036 543 2091 tenens.
646 2027 784 2088 AE.
838 2030 885 2088 1.
940 2027 1137 2101 (Mus.
1177 2024 1396 2106 Caes.)
1497 2026 1721 2086 Alium
1758 2024 1823 2086 fl·

322 2121 608 2198 anilem,
674 2121 784 2182 sed
839 2140 1021 2183 max.
1080 2120 1300 2199 mod„
1369 2132 1437 2182 et
1502 2121 1571 2183 in
1642 2123 1827 2201 cujus

317 2217 550 2280 antica
582 2215 667 2277 est
699 2215 897 2300 ipsius
954 2215 1301 2300 Caligulae
1334 2228 1685 2305 protome‚
1739 2217 1828 2277 ci-

317 2323 422 2374 tat
452 2312 863 2375 Vaillautius
897 2358 915 2389 ,
969 2311 1204 2396 (Num.
1243 2308 1480 2395 praest.
1519 2310 1609 2372 T.
1646 2310 1696 2372 1.
1757 2330 1825 2393 p.

320 2428 353 2469 -1
371 2407 471 2492 7.)
525 2419 593 2469 et
641 2406 1032 2483 MorelIiuS,
1088 2406 1193 2469 sed
1233 2405 1641 2468 Vaillantius
1693 2404 1828 2489 ipse

318 2500 494 2566 huuc
528 2521 801 2565 numum
862 2501 1230 2565 admodum
1276 2501 1643 2587 suspectum
1681 2518 1828 2562 cen-

218 2606 227 2613 ‘
322 2597 451 2675 set,
504 2589 689 2677 cuius
741 2596 1102 2661 sententiae
1133 2596 1338 2659 facile
1380 2594 1731 2658 subscribe.

415 2694 626 2757 Primi
660 2691 1010 2777 Caligulae
1042 2694 1228 2757 numi
1264 2689 1655 2777 [iugularem
1692 2695 1830 2771 ejus

320 2781 716 2872 in'majores
749 2789 944 2867 suos,
994 2802 1138 2852 tum
1184 2789 1390 2851 etiam
1450 2787 1832 2873 consangui-

320 2904 490 2947 neos
532 2886 727 2948 vivos
766 2887 1086 2968 pietatem
1125 2884 1568 2970 praedicant,
1624 2904 1830 2966 quam

320 2978 677 3064 scriptores
740 2999 1012 3065 quoque
1089 2977 1396 3042 testatam
1474 2978 1830 3063 reliquere.

260 3103 271 3110 ’
321 3073 590 3138 Frustra
636 3077 707 3138 in
743 3075 851 3136 his
928 3074 1286 3139 Tiberium
1361 3075 1779 3157 requiremus
1808 3122 1828 3152 ‚

320 3173 428 3233 cui
464 3171 773 3233 decretos
816 3191 1049 3234 omnes
1113 3191 1153 3232 a
1217 3169 1440 3232 senatu
1513 3166 1657 3253 post
1716 3191 1827 3233 ex·

322 3267 587 3330 celsum·
617 3267 908 3329 honores
943 3268 1219 3350 dempta
1282 3263 1621 3349 sepultura
1699 3288 1828 3351 pu-

296 3360 504 3426 ‘blica
542 3365 857 3446 negavit,
911 3360 977 3442 ⁸)
1047 3365 1365 3444 cujusque
1429 3363 1827 3426 memoriam

321 3458 502 3519 adeo
536 3455 816 3519 volebat
864 3457 1323 3531 obliteratam,
1375 3470 1449 3518 ut
1486 3476 1827 3539 nunquam

321 3550 383 3614 se
423 3556 487 3615 in
528 3553 746 3614 numis
782 3551 1093 3615 scriberet
1120 3553 1239 3615 Τί.
1280 3553 1621 3616 NEPotem
1646 3599 1664 3628 ‚
1719 3553 1829 3617 etli

320 3645 711 3731 frequenter
744 3647 963 3710 DIVI.
1002 3645 1207 3712 AVG.
1235 3646 1732 3731 PRONepotem.

423 3739 780 3830 Augustum
812 3790 827 3818 ‚
882 3745 967 3806 de
1004 3762 1141 3825 quo
1179 3746 1246 3805 in
1288 3744 1389 3805 his
1429 3746 1649 3806 numis
1688 3747 1827 3829 agi·

321 3852 468 3916 tur,
524 3839 857 3924 principio
898 3841 1163 3922 imperii
1202 3839 1468 3902 summis
1514 3839 1831 3905 laudibus

322 3936 606 4010 extulit,
660 3936 879 4013 adeo,
934 3949 1007 3995 ut
1050 3936 1275 3996 oratio
1304 3981 1323 4011 ,
1378 3955 1578 4018 quam
1614 3937 1682 3998 in
1709 3939 1827 4001 Ti-

3281 606 3418 680 219

1913 788 2124 850 terius
2159 785 2345 848 numi
2395 782 2894 849 dedicationem
2933 789 3170 872 templi
3203 792 3425 875 Augu·

1916 878 2010 945 sto
2052 880 2219 944 sacri
2257 878 2446 957 sistit,
2500 896 2702 963 quam
2751 901 2791 941 a
2851 879 3161 965 Caligula
3202 886 3427 948 maxi..

1915 996 2030 1039 ma
2103 974 2540 1050 celebritate,
2623 989 2688 1040 et
2756 976 3011 1059 sumptu
3076 988 3426 1064 peractam

1912 1071 2139 1134 scribit
2168 1069 2347 1145 Dio,
2399 1063 2464 1156 ⁰)
2519 1075 2678 1134 avia
2718 1073 2924 1133 etiam
2967 1074 3261 1138 Antonia
3281 1087 3426 1137 tum

1913 1167 2138 1229 adhuc
2179 1166 2340 1227 viva
2381 1169 2517 1246 ejus
2601 1167 2951 1230 sacerdote
3048 1167 3430 1238 constituta.

1913 1260 2089 1322 mud
2130 1258 2399 1345 Augusti
2440 1263 2806 1346 templum,
2874 1252 3066 1345 quod
3116 1262 3431 1349 semiper-

1912 1354 2166 1418 fectum
2230 1356 2596 1437 reliquerat
2648 1354 2968 1421 Tiberius
3011 1408 3031 1438 ,
3115 1358 3430 1445 Caligula

1914 1451 2186 1512 demum
2224 1450 2535 1514 absolvit.
2591 1443 2654 1531 ἃ)
2735 1451 3127 1518 Adstituitur
3191 1464 3426 1518 taurus

1913 1546 2238 1622 victima,
2293 1564 2533 1632 nempe
2567 1560 2640 1610 ut
2675 1547 2916 1636 legitur
2971 1552 3040 1613 in
3082 1549 3428 1634 fragmen·

1913 1643 2000 1703 tis
2044 1639 2328 1703 fratrum
2365 1640 2760 1705 Arvalium:
2813 1641 3061 1708 Dlvo.
3104 1643 3432 1710 AVGVS-

1914 1735 2067 1801 TO.
2106 1736 2455 1800 BOVEM.
2499 1737 2858 1802 MAREM.
2918 1737 3222 1805 DIVAE.
3272 1740 3433 1803 AV·

1917 1828 2296 1894 GVSTAE.
2322 1829 2732 1907 VACCAu.

2012 1926 2275 1987 Eodem
2319 1928 2524 1988 modo
2577 1926 2890 2013 Caligula
2960 1929 3242 1995 restituit
3292 1946 3428 1994 me·

1915 2023 2207 2083 moriam
2253 2019 2686 2099 Germanici,
2739 2036 2805 2086 et
2855 2027 3265 2111 Agrippinae
3311 2046 3430 2111 pa·

1916 2128 2179 2177 rentum
2218 2118 2285 2178 iu
2345 2118 2562 2179 numis
2623 2121 2841 2182 omnis
2899 2122 3200 2200 metalli,
3270 2124 3434 2185 item

1915 2210 2207 2273 Neronis
2246 2222 2313 2274 et
2352 2210 2539 2273 Drufi
2589 2210 2877 2275 fratrum
2925 2217 2992 2276 in
3053 2217 3282 2280 aeneis
3337 2216 3427 2280 tt.

1918 2302 2231 2381 formae,
2285 2325 2455 2390 quos
2492 2307 2558 2368 in
2602 2306 2846 2372 horum
2909 2314 3128 2373 numis
3196 2310 3433 2373 descri-

1916 2411 2075 2485 ptos
2109 2401 2294 2466 vide.
3371 2418 3390 2427 “

2653 2497 2682 2530 Β

2472 2545 2502 2578 Ι
2831 2550 2862 2581 ἡ

2209 2589 2289 2655 e.
2336 2588 2703 2657 CAESAR.
2740 2582 3425 2664 AvG.GERMAN1-
3537 2630 3550 2639 ·

2211 2685 2398 2752 ovs,
2451 2688 2655 2753 PoN.
2700 2691 2797 2755 M.
2840 2691 2989 2763 TR.
3044 2690 3253 2762 ΡΟΤ.
3310 2681 3425 2763 σὰ»

2203 2794 2325 2868 put
2367 2783 2737 2850 laureatum.

1916 2878 2433 2944 AGRIPPINA.
2480 2881 2959 2946 DRVSILLA.
3035 2885 3308 2953 IVLIA.
3359 2891 3426 2956 S.

1921 2975 1998 3040 C.
2045 2979 2201 3041 Tres
2240 2975 2523 3040 mulieres
2532 2978 2774 3064 stantes
2804 2997 2939 3044 cum
2985 2989 3389 3070 cornucopiae
3406 3036 3426 3066 ,

1918 3092 2183 3157 quarum
2219 3070 2542 3136 dexterior
2588 3072 2649 3136 d.
2659 3074 2847 3160 simul
2881 3074 3213 3145 colummae
3267 3084 3428 3146 inni·

1917 3173 2078 3232 titur
2095 3215 2115 3244 ,
2146 3167 2207 3255 Ji
2252 3166 2583 3251 adstantem
2617 3170 2876 3234 mediam
2899 3177 3209 3260 contingit
3226 3225 3245 3253 ‚
3295 3197 3425 3243 me-

1916 3261 2119 3334 dia'd,
2160 3274 2448 3349 pateram
2472 3310 2490 3341 ,
2524 3264 2862 3352 sinisterior
2907 3266 2969 3331 d.
3038 3272 3427 3355 guber-naeu.

1917 3360 2059 3423 lum.
2162 3361 2305 3424 AE.
2364 3362 2410 3422 1.
2467 3358 2670 3442 (Mur.
2731 3357 2954 3444 Caes.)
3049 3366 3356 3432 Similem
3398 3416 3417 3448 ‚

1917 3454 2027 3517 sed
2074 3456 2210 3518 AE.
2257 3459 2360 3519 11..
2399 3451 2674 3517 exhibet
2702 3455 3008 3526 Patinus.
3059 3465 3112 3541 θ)
3201 3463 3425 3527 Schle.

1918 3549 2130 3634 gelius
2173 3550 2366 3632 hujus
2402 3551 2551 3635 typi
2599 3569 2836 3614 numos
2881 3556 3046 3618 citat
3084 3577 3234 3621 cum
3278 3560 3430 3627 ΤΒ.

1917 3645 2125 3707 ΡΟΤ.
2165 3645 2281 3707 ΙΙΙ.
2332 3644 2484 3706 1111.
2539 3646 2844 3731 (Metelli
2887 3648 3103 3738 Impp.
3148 3653 3231 3716 T.
3268 3655 3321 3718 1.
3356 3676 3424 3741 p.

1920 3736 2123 3822 ⁶52·)
2177 3740 2283 3803 sed
2322 3741 2403 3803 de
2443 3760 2730 3825 quorum
2761 3742 2906 3807 -fide
2942 3746 3205 3812 dubito.

2012 3836 2490 3919 Proponuntur
2522 3838 2653 3901 hoc
2690 3857 2895 3904 numo
2916 3854 3051 3906 tres
3074 3843 3425 3933 Caligulae

1917 3931 2216 4006 sorores,
2262 3931 2346 3993 de
2401 3932 2640 4015 quibus
2682 3932 2942 4020 lingulis
2998 3952 3236 4027 agetur
3283 3942 3427 4027 post

319 4029 488 4094 berii
526 4029 757 4093 funere
785 4030 994 4104 dixit,
1047 4028 1194 4114 plus
1242 4028 1542 4115 Augusti,
1595 4044 1662 4094 et
1706 4052 1827 4116 pa.
1911 4025 2118 4109 hujus
2150 4045 2413 4090 numos.
2515 4028 2620 4090 De
2664 4030 2875 4094 tribus
2912 4033 3097 4098 fimul
3143 4036 3421 4120 sumptis

323 4127 447 4189 tris
483 4124 908 4204 Germanici,
963 4145 1167 4211 quam
1225 4125 1416 4204 hujus
1475 4145 1824 4189 commen·

310 4221 668 4286 dationem
705 4223 1285 4307 complecteretur.
1327 4209 1393 4301 ¹’)
1447 4223 1699 4285 Aversa
1734 4221 1828 4286 al·
1909 4215 2026 4282 sub
2112 4218 2384 4302 imperii
2462 4221 2816 4282 exordium
2858 4268 2879 4300 ‚

393 4463 449 4524 a)
489 4460 600 4514 Dio
640 4461 702 4513 L.
742 4461 892 4515 le.
996 4479 1048 4528 3.
1194 4497 1201 4502 -
1241 4460 1301 4527 b)
1328 4460 1399 4511 J..
1439 4457 1589 4516 LIX.
1628 4459 1660 4528 5
1694 4474 1746 4525 3.

325 4529 498 4602 Calig.
538 4548 584 4583 c.
623 4544 714 4587 αι.
902 4466 961 4597 οξ
995 4529 1161 4584 Num.
1197 4530 1381 4601 Impp.
1416 4544 1476 4600 p.
1515 4544 1598 4594 7o.

1914 4119 2265 4183 universim
2301 4121 2411 4186 hic
2453 4126 2869 4205 notandum,
2938 4148 3054 4194 eas
3108 4150 3152 4193 a
3209 4130 3421 4194 fratre

2976 4242 3130 4288 cum
3208 4226 3420 4310 pieta·

1975 4459 2022 4521 c)
2062 4457 2194 4512 ibid.
2232 4459 2264 4527 5
2301 4476 2353 4524 7.
2615 4457 2674 4527 d)
2711 4458 2857 4513 Suet.
2895 4463 2952 4512 in
2989 4458 3120 4525 Tib,
3157 4479 3203 4516 ο.
3240 4477 3327 4532 47.
3367 4469 3423 4517 in

2787 4573 3096 4670 Eez'
