4225 5450
844 599 989 670 300

826 784 1070 861 guntur
1103 771 1314 837 etiam
1348 770 1418 835 in
1451 771 1674 835 numia
1717 770 2194 836 Alexandrinis
2226 793 2342 836 no·

825 870 1107 963 minaL.
1140 869 1333 944 livii,
1350 866 1470 931 fic.
1528 869 1799 931 ΛΟΤΚ.
1821 870 1984 933 ΛΙΒ.
2012 869 2341 934 ΣΟΤΛΠ.

828 966 1080 1030 ΓΑΛΒ.
1181 964 1374 1027 Haec
1411 961 1765 1047 praeclare
1828 962 2256 1046 explicantur
2299 980 2342 1025 a

750 1100 756 1129 ‹
826 1059 1192 1134 Suetonio,
1245 1054 1310 1139 ³)
1364 1058 1481 1140 qui
1539 1076 1691 1120 cum
1779 1055 2148 1133 narrass'et,
2217 1054 2340 1118 ha·

678 1194 689 1199 -
826 1151 1033 1215 buiss'e
1076 1153 1264 1216 Serv,
1327 1150 1699 1237 Sulpicium
1747 1148 2038 1213 Galbam
2094 1168 2337 1213 nover-

828 1267 981 1311 cam
1021 1239 1289 1311 Liviam
1324 1245 1749 1320 Ocellinam,
1801 1264 1967 1306 mox
2006 1241 2185 1307 infra
2240 1263 2337 1306 re·

821 1341 989 1406 fert.
1040 1343 1379 1427 adoptatus
1418 1361 1462 1406 a
1504 1359 1772 1407 noverca
1787 1341 1911 1423 sua
1940 1339 2042 1404 LI
2047 1338 2116 1409 V
2112 1338 2201 1403 II
2217 1354 2339 1414 ηρ-

822 1437 995 1516 nien,
1048 1448 1110 1503 et
1147 1436 1371 1502 OceHae
1418 1453 1753 1520 cognomen
1782 1434 2101 1520 adsumpsit
2155 1435 2237 1497 M
2241 1432 2337 1499 V

830 1532 1078 1600 TATO
1109 1530 1783 1607 PRAENOMINE;
1804 1549 1951 1593 nam
1983 1537 2039 1593 et
2086 1527 2222 1594 LV
2220 1526 2336 1592 CI

833 1627 984 1694 VM
1020 1649 1169 1691 mox
1193 1648 1316 1710 pro
1349 1626 1573 1692 Servio
1612 1643 1805 1709 usque
1836 1624 1922 1689 ad
1950 1633 2189 1706 tempus
2220 1625 2338 1686 im-

818 1724 984 1808 perii
1016 1723 1360 1808 usurpavit.
1460 1720 1564 1782 De
1615 1718 1719 1780 his
1762 1717 2193 1795 nominibus,
2273 1728 2339 1780 et

714 1878 720 1887 ,
824 1817 1049 1881 numis
1120 1816 1283 1879 olim
1342 1814 1672 1902 copiofius
1736 1814 1999 1876 diss'erui
2045 1815 2116 1875 in
2183 1830 2339 1895 mea

827 1910 1106 1997 Sylloge
1148 1912 1203 1975 1.
1228 1931 1299 1995 p.
1340 1914 1469 1989 68,
1535 1908 1650 1973 ubi
1696 1920 2053 1993 praeterea
2102 1926 2337 1971 mouu-

827 2018 1060 2071 menta
1107 2007 1248 2070 alia
1298 2005 1633 2093 produxi,
1716 2022 1891 2085 quae
1951 2022 2151 2078 cum,
2221 2001 2339 2066 ad-

824 2102 961 2168 huc
999 2102 1310 2188 privatus
1344 2121 1495 2166 cum
1547 2100 1702 2163 ess'et
1726 2145 1746 2175 ,
1820 2099 1895 2163 L.
1933 2097 2275 2182 Sulpiciam
2315 2143 2335 2175 ,

829 2199 992 2284 quin
1031 2210 1096 2261 et
1126 2197 1202 2263 L.
1242 2197 1493 2273 Livium
1536 2195 1611 2261 L.
1652 2197 1728 2259 F.
1802 2194 2057 2258 Ocellam
2105 2190 2336 2277 appel-

827 2295 994 2358 lant.
1094 2291 1457 2383 Anteistqd
1503 2303 1769 2374 tempus
1809 2308 2048 2353 numos
2105 2288 2235 2350 hos
2255 2291 2337 2349 A·

826 2389 1264 2453 lexandrinos
1295 2407 1342 2452 a
1390 2386 1716 2470 quopiam
1751 2385 2167 2469 explicatoS,
2219 2392 2339 2444 aut

827 2495 1006 2549 certe
1048 2482 1254 2551 solide
1277 2532 1300 2567 ,
1351 2501 1433 2545 ac
1475 2498 1675 2555 vere,
1726 2498 1860 2543 non
1896 2479 2139 2562 reperi.
2208 2476 2335 2537 Re-

780 2640 787 2645 .
824 2580 974 2664 peri
1007 2578 1212 2643 serius
1251 2595 1485 2641 eorum
1514 2572 1787 2637 similem
1810 2572 2213 2657 descriptum
2243 2569 2334 2633 ab

2176 572 2562 652 OTHO.

2425 770 2821 849 Harduino‚
2870 757 2937 853 1’)
2988 772 3101 837 sed
3145 793 3280 843 non
3300 773 3514 841 allata
3555 776 3796 843 horum
3816 798 3940 845 no·

2425 867 2681 933 minum
2720 866 2941 933 causa.
3040 869 3291 933 Mirum
3335 890 3498 937 vero
3538 875 3669 951 εΗ,
3747 877 3940 960 quod

2423 959 2873 1043 spanhemius
2907 963 2996 1024 de
3030 962 3164 1026 hoc
3207 985 3412 1048 agens
3451 968 3790 1033 Harduini
3815 991 3938 1034 nu-

2423 1072 2537 1119 mo
2572 1067 2811 1119 contra
2843 1067 3101 1119 certam
3139 1058 3441 1123 Suetonii
3482 1061 3686 1127 fidem
3745 1065 3936 1127 diffe-

2420 1148 2529 1213 rit.
2580 1145 2640 1230 ο)
2693 1150 2806 1213 Ait
2837 1153 3062 1213 enim:
3116 1157 3393 1219 ΛΟΤΚ.
3444 1160 3613 1221 Am.
3655 1161 3930 1223 ΣΟΤΛ.

2418 1242 2601 1309 reddi
2636 1242 2846 1310 debuit
2886 1255 3034 1309 noto
3100 1248 3543 1332 adoptatorum
3580 1258 3751 1335 apud
3796 1254 3935 1319 Ro-

2419 1358 2640 1403 manos
2678 1359 2849 1405 more
2902 1339 3150 1407 Lucius
3209 1344 3538 1409 Livianus
3595 1348 3934 1434 Sulpicius

2426 1432 2654 1498 Galba.
2756 1435 2924 1498 Viro
2977 1438 3279 1501 maximo
3337 1438 3596 1523 aliquid
3648 1441 3931 1507 humani

2417 1527 2553 1590 hoc
2599 1529 2755 1593 loco
2791 1530 3101 1593 accidiss'e
3136 1533 3286 1617 quis
3306 1539 3698 1617 negaverit?
3748 1538 3954 1601 Nam-

2422 1619 2464 1682 fi
2504 1622 2840 1708 Sulpicius
2876 1620 3099 1688 Galba
3133 1629 3198 1689 in
3252 1625 3589 1691 familiam
3653 1631 3926 1695 Liviam

2414 1718 2771 1796 transivit,
2826 1739 2911 1781 ex
2957 1722 3348 1806 adoptionis
3411 1723 3557 1807 lege
3604 1728 3927 1789 dicendus

2416 1808 2639 1875 fuiss'et
2690 1833 2826 1875 non
2856 1815 3197 1899 Livianus,
3248 1816 3356 1879 sed
3397 1820 3617 1882 Livius
3649 1820 3924 1904 Sulpici·

2421 1925 2602 1971 anus.
2702 1909 2913 1971 Recte
2996 1913 3200 1973 etiam
3284 1913 3458 1975 dixit
3522 1914 3925 1993 Suetonius,

2422 1997 2716 2065 Galbam
2748 2002 2940 2068 Lucii
2978 2025 3220 2069 nomen
3258 2026 3469 2089 usque
3514 2009 3599 2071 ad
3659 2022 3922 2094 tempus

2415 2094 2686 2179 imperii
2721 2098 3093 2183 usurpass'e;
3144 2106 3394 2163 namin
3429 2102 3741 2166 omnibus
3765 2103 3938 2168 Gali

2419 2187 2550 2254 bae
2579 2194 2798 2255 numis
2829 2197 3186 2258 commatis
3204 2197 3500 2259 Romani
3520 2198 3705 2261 aliud
3731 2219 3921 2283 prae-
4025 2191 4032 2195 ’

2419 2303 2670 2350 nomen
2711 2307 2914 2370 quam
2954 2290 3171 2352 Servii
3219 2310 3353 2353 nou
3385 2290 3736 2355 habemus.
3838 2301 3923 2358 At

2419 2381 2489 2442 in
2521 2384 2889 2466 provinciis
2917 2397 3174 2449 retenta
3194 2387 3428 2449 adhuc
3447 2405 3921 2471 nonnunquam

2418 2488 2655 2539 vetera
2682 2476 2870 2541 fuill‘e
2911 2480 3225 2556 nomina,
3278 2481 3404 2545 hos
3442 2501 3686 2547 numos
3728 2483 3918 2548 testes

2418 2569 2794 2655 luculentos
2842 2573 3193 2645 habemua.

2096 2859 2308 2926 PRE
2328 2859 2435 2925 TI
2459 2856 2637 2924 VM.

1015 3054 1217 3117 Aurei
3491 3059 3572 3122 R.

1015 3148 1333 3234 Argentei
1726 3185 1749 3198 ·
3467 3153 3574 3218 Ὃ.

1018 3243 1230 3309 Aenei
1279 3244 1333 3310 1.
1387 3254 1453 3306 et
1503 3241 1590 3306 ΙΙ.
1663 3242 1955 3310 formae.
3486 3247 3564 3312 C.

1003 3340 1215 3404 Λευεὶ
1264 3338 1382 3403 111.
1433 3335 1701 3404 formae
3489 3344 3578 3407 Ο.

1013 3435 1350 3501 emmam
1377 3437 1722 3520 peregrini.

1008 3529 1219 3594 Aenci
1271 3530 1540 3596 urbium
1587 3529 1954 3595 liberarum
3037 3566 3072 3587 ·
3485 3534 3695 3598 RRR.

1007 3626 1442 3690 Alexandrini

1634 3922 1651 3946 ⁸
1784 3914 1889 3980 M.
1985 3904 2512 3980 SALVIVS
2605 3911 2937 3982 DTHO.

892 4102 1124 4167 ⁴Natus
1168 4103 1249 4165 V.
1291 4083 1367 4166 C}
1408 4111 1547 4184 785
1590 4102 1705 4167 lv.
1742 4063 2167 4184 KalsMajas
2206 4123 2324 4189 pa-

689 4267 693 4271 ,
808 4211 910 4263 tre
947 4199 1025 4261 L.
1073 4196 1319 4262 Salvio.
1353 4196 1624 4262 Othone
1661 4200 1814 4264 viro
1867 4200 2130 4263 virtutis
2167 4197 2327 4283 'spe-

2407 4073 2628 4167 matre
2657 4101 2863 4167 Albia
2894 4103 3222 4166 Terentia
3253 4100 3518 4168 illustria
3561 4097 3907 4183 domus.¹¹)

2407 4199 2726 4265 Iuventus
2761 4201 2900 4281 ejus
2936 4198 3227 4283 prodiga
3249 4244 3268 4276 ,
3322 4212 3390 4261 et
3427 4219 3687 4285 procax
3743 4200 3905 4278 fuit,

811 4306 1075 4393 etatae,
1129 4306 1195 4357 et
1224 4312 1459 4357 omnes
1493 4296 1658 4379 reip.
1683 4295 1978 4358 honores
2014 4293 2277 4357 emenso
2300 4342 2322 4378 ,
2404 4294 2516 4358 fed
2564 4306 2841 4379 propter
2875 4295 3055 4357 hanc
3089 4292 3301 4377 ipsam
3342 4307 3607 4360 morum
3629 4314 3906 4395 congru·

881 4538 941 4599 a)
991 4537 1129 4607 Cap.
1168 4555 1203 4604 3
1239 4551 1291 4591 et
1326 4554 1375 4603 4.
1623 4539 1681 4604 b)
1722 4491 1848 4593 hist.
1888 4540 2027 4609 Aug.
2068 4559 2128 4612 p,
2168 4545 2289 4606 726.

806 4619 931 4672 cap.
976 4623 1019 4655 ι.
1059 4620 1107 4655 2.

2485 4515 2572 4611 ὀ)
2617 4541 2781 4594 Tom.
2820 4539 2898 4600 11,
2934 4557 2991 4610 p.
3027 4550 3105 4638 23:
3319 4539 3376 4608 d)
3414 4541 3563 4596 Suet.
3604 4545 3659 4596 in
3699 4539 3900 4598 othon.
