4225 5450
1890 552 2980 653 PRAEFATIQ

892 764 1068 865 rint,
1116 738 1217 847 ne
1254 775 1325 848 is
1359 770 1561 846 solus
1603 768 1963 843 videatur
1995 767 2281 869 agnitis
2316 745 2638 858 dudum,
2673 748 3203 861 confessisque
3244 768 3589 838 auctoris
3624 738 3994 838 laudibus

890 908 1384 996 obtrectare,
1434 906 1624 979 istud
1676 906 1871 979 mihi
1909 908 1988 977 in
2026 901 2458 1004 praesentis
2495 903 2759 1002 operis
2803 898 2990 973 crifi‘
3018 913 3349 997 propter
3410 888 3797 975 creditam
3862 899 3996 973 diu

884 1048 1059 1139 ejus
1103 1039 1659 1141 praestantiam
1700 1044 1979 1147 anxie,
2029 1050 2110 1112 et
2137 1038 2496 1139 religiose
2539 1022 2985 1112 'curandum
3028 1035 3294 1111 video.
3390 1034 3494 1107 Et
3529 1037 3792 1133 reperi
3824 1032 3996 1123 {mep-

898 1204 1144 1266 ασπιςην
1179 1181 1475 1267 virum,
1530 1178 1741 1272 cujus
1813 1199 2050 1248 nemo
2088 1177 2168 1247 in
2205 1199 2292 1247 re
2351 1176 2909 1248 numismatica
2945 1171 3207 1264 usum,
3261 1182 3340 1246 et
3397 1168 4000 1267 praestantiam,

894 1314 973 1384 in
1016 1311 1344 1384 ferendo
1379 1312 1668 1404 judicio
1696 1308 2500 1433 circumspectionem,
2555 1322 2632 1383 et
2663 1286 3037 1411 insignem
3073 1306 3507 1382 candorem
3541 1310 3787 1381 animi
3825 1308 3998 1406 pos·

902 1447 1088 1521 fitin
1125 1447 1479 1523 dubium
1480 1448 1814 1537 vocare,
1860 1424 2350 1523 Bimardurn
2345 1446 2720 1546 intelligo
2779 1444 3164 1518 baronem
3213 1432 3314 1518 de
3371 1442 3454 1517 la
3511 1440 3798 1517 Bastie.
3896 1442 4016 1517 E·-

881 1583 1198 1657 ·ruditus
1227 1581 1359 1656 hic
1405 1582 1674 1657 censor
1702 1581 2216 1683 posteaquam
2275 1582 2558 1673 edixit,
2613 1566 2962 1655 occonis
3001 1579 3454 1681 catalogum
3514 1592 3847 1678 propter
3885 1583 4000 1653 vi-

894 1721 1051 1811 tia,
1104 1743 1306 1818 quae
1344 1720 1966 1809 commemorat,
2019 1710 2372 1795 nullam
2349 1700 2510 1816 jam
2543 1718 2985 1839 promereri
3023 1714 3297 1797 fidem,
3351 1717 3721 1788 continuo
3782 1715 4001 1814 subji-

891 1856 1045 1930 cit·
1078 1856 1155 1945 ⁰³)
1202 1912 1247 1947 „
1298 1853 1617 1953 Scripfit
1652 1876 1925 1930 comes
1962 1852 2570 1931 Mediobarbus
2582 1852 2725 1926 illa
2762 1865 3069 1938 aetate,
3121 1870 3279 1946 qua
3320 1852 3805 1949 antiquitatis
3858 1853 3998 1926 stu-

896 1991 1128 2084 ,·,dia
1162 2016 1499 2094 magnos
1536 1995 1703 2090 jam
1738 1992 2005 2066 fecere
2059 1989 2538 2091 progreffus,
2591 2002 2671 2062 et
2737 1994 3156 2062 numerum
3227 1983 3552 2060 scientia
3611 1986 4003 2089 voluptati

897 2185 943 2220 „
894 2126 1236 2229 vulgo
1264 2128 1473 2201 fuit
1533 2127 1852 2202 Tamen
1888 2130 2063 2225 ejus
2097 2127 2507 2227 catalogus
2547 2144 2709 2197 non
2751 2118 3080 2195 multum
3112 2117 3452 2220 praestat
3505 2119 4000 2215 Oeconiano',

894 2292 943 2355 32
986 2239 1230 2363 ‘quem
1271 2263 1340 2334 is
1375 2258 1680 2339 tantum
1715 2274 2007 2364 augere
2058 2259 2396 2335 instituit.
2495 2258 2712 2359 Ergo
2749 2242 3012 2355 magis
3043 2253 3429 2346 solicitus,
3499 2270 3583 2330 ut
3627 2280 3829 2356 opus
3883 2258 3998 2331 su-

896 2455 944 2492 „
990 2390 1130 2472 'um
1174 2396 1640 2472 distenderet
1680 2397 2091 2470 inserendo
2130 2382 2412 2468 numos
2456 2406 2776 2480 omnes,
2827 2398 3160 2488 'quorum
3186 2393 3439 2488 potuit
3473 2390 3836 2466 obtinere
3868 2396 4010 2469 de-

894 2533 1541 2632 „scriptionem,
1594 2556 1834 2635 quam
1869 2544 1952 2603 ut
1999 2553 2140 2603 eos
2178 2510 2482 2603 tantum
2515 2512 2917 2627 vulgaret,
2969 2528 3101 2625 qui
3167 2542 3426 2603 certae
3463 2514 3714 2602 ‘ess'ent
3776 2510 4011 2625 fidei,

898 2658 953 2760 ·,,’
1005 2669 1280 2743 omnia
1322 2666 1543 2741 nullo
1582 2668 1873 2742 dilectu
1916 2665 2174 2740 intulit
2214 2666 2637 2738 numo'ru‘m
2672 2660 3015 2753 indicia,
3083 2682 3289 2760 quae
3339 2661 3600 2737 secum
3656 2674 4009 2741 commn-

890 2825 952 2893 ‘„
1002 2803 1270 2876 nicata
1309 2801 1564 2892 fuere,
1617 2817 1695 2876 et
1739 2824 1942 2903 quae
1986 2825 2087 2873 ex
2118 2801 2372 2875 missis
2412 2798 2545 2873 fibi
2584 2798 2970 2899 catalogis
3012 2801 3268 2896 potuit
3293 2819 3765 2898 excerpere,
3823 2824 4011 2878 con-

902 2991 951 3028 „
1001 2950 1297 3027 tentus,
1349 2937 1489 3012 illa
1537 2934 1804 3011 omisso
1847 2938 2061 3010 omni
2102 2939 2478 3010 examine
2515 2935 2932 3034 disponere
2966 2933 3387 3006 secundum
3425 2933 3712 3034 Iegem,
3765 2917 4013 3032 quam

905 3072 1140 3165 „fibi
1182 3072 1661 3173 sequendam
1702 3070 2214 3171 praefixerat
2308 3067 2439 3141 Ex
2486 3093 2642 3167 quo
2693 3053 3031 3156 factum,
3104 3080 3185 3139 ut
3252 3067 3485 3167 saepe
3536 3057 4017 3166 propinaret

894 3221 955 3302 ³„
1006 3217 1290 3284 numos
1331 3209 1613 3298 falfos,
1662 3213 1905 3307 typos
1937 3204 2318 3277 informes
2350 3260 2372 3292 ,
2422 3216 2501 3277 et
2546 3203 3094 3303 inscriptiones
3146 3201 3502 3292 luxataS,
3535 3189 3652 3280 'lic
3699 3221 3782 3280 ut
3847 3215 4015 3306 ejus

897 3343 1277 3445 '‘3,'‘operis
1312 3346 1608 3420 nullam
1657 3327 1906 3442 possis
1949 3337 2330 3414 ostentare
2371 3324 2792 3440 paginam,
2867 3325 3071 3438 qnae
3129 3359 3284 3411 non
3348 3340 3655 3415 mendis
3718 3344 4026 3420 referta

894 3523 963 3572 ⁴„
1013 3479 1121 3554 fit.
1225 3480 1738 3580 Quapropter
1775 3465 1877 3552 ex
1917 3480 2081 3572 ejus
2122 3479 2344 3549 unius
2392 3479 2829 3576 praeconio
2880 3463 3185 3548 nullum
3244 3472 3596 3549 existima
3683 3445 4028 3557 ιιιιιιιιιιιι

915 3674 961 3710 ,,
1013 3640 1206 3692 vere
1253 3619 1653 3715 antiquum
1688 3672 1709 3705 ,
1763 3638 1942 3688 cum
1980 3612 2110 3686 hic
2146 3613 2595 3686 insolentius
2634 3611 2821 3709 quid
2857 3609 3134 3701 offert,
3186 3625 3264 3684 et
3316 3615 3742 3708 antequam
3797 3617 3875 3689 ie
3918 3616 4028 3691 ad

915 3809 962 3845 „
1018 3753 1643 3828 confirmandam
1694 3749 2091 3823 historiam
2136 3749 2596 3835 advocetur,
2648 3757 2944 3818 certum
2980 3759 3056 3819 te
3088 3747 3319 3820 reddi
3358 3759 3692 3846 oportet,
3743 3752 4038 3841 talem,

906 3945 962 3984 ⁷„
1015 3890 1335 3986 qualem
1369 3887 1790 3986 deseriplit,
1838 3888 1919 3957 in
1957 3881 2224 3956 museo
2261 3883 2643 3978 quopiam
2675 3879 3020 3955 existere.
3073 3937 3121 3972 „
3219 3871 3647 3978 Hucusque
3704 3881 4035 3959 Bimar-

919 4026 1107 4114 dus,
1163 4011 1347 4098 cum'
1375 4025 1583 4119 cujus
1604 4021 1926 4117 judicio,
1950 4017 2328 4092 consentit
2360 4015 2576 4090 aliud
2614 4005 2863 4090 multo
2907 4016 3268 4093 vetustius
3309 4015 3702 4116 praeclari
3748 4015 4033 4093 lohet.

916 4163 1001 4235 ti.
1052 4156 1125 4259 b)
1175 4159 1336 4236 Sed
1372 4158 1801 4258 et=pridem
1841 4157 1939 4229 cl.
1976 4156 2075 4228 de
2101 4152 2389 4226 Valois
2424 4140 2810 4225 eruditam
2857 4155 3122 4249 coepit
3157 4155 3315 4247 ejus
3356 4154 3623 4251 operis
3673 4151 4035 4227 adorna·-

914 4321 1005 4371 re
1044 4287 1447 4370 censuram
1474 4353 1497 4387 ‚
1551 4313 1709 4395 qua—
1747 4292 1939 4366 inde
1974 4287 2091 4363 ab·
2120 4286 2470 4388 Augusto
2504 4311 2745 4386 usque
2784 4288 2892 4360 ad
2909 4287 3404 4363 Hadri-anum
3426 4290 3860 4367 mulsorum
3888 4314 4034 4365 mv·

984 4609 1047 4676 ι)
1081 4603 1151 4660 Β.
1182 4605 1251 4660 L.
1282 4599 1453 4659 Tem.
1482 4600 1627 4660 ΧΠ.
1660 4597 1837 4660 Mem,
1872 4614 1933 4671 p,
1966 4608 2101 4667 381,
2175 4557 2186 4562 ἐ
2284 4594 2344 4666 h)
2379 4595 2608 4650 Scicnec
2640 4589 2741 4647 des
2775 4591 2926 4657 mod,
2959 4592 3032 4649 T.
3066 4591 3116 4646 1.
3152 4608 3211 4664 p.
3251 4607 3380 4664 ¹09·
