4225 5450
1389 557 2131 650 TRAIANVS.

222 784 338 851 qm
377 759 528 829 {aad
563 759 971 853 bovuwfoeff
1002 759 1248 845 duplex.
1323 766 1428 831 ῙῙ.
1509 764 1741 852 Vmfi-

3172 582 3308 655 451

1807 763 1879 825 in
1912 758 2207 825 Parthos
2245 757 2462 824 exitus
2481 808 2500 843 ,
2553 759 2740 844 prior
2771 762 2867 828 in‘
2880 761 3232 826 consulatu
3256 779 3320 827 e·

221 861 451 927 muter
515 880 678 928 auno
745 859 828 925 V.
883 860 948 923 C.
1019 863 1162 942 867
1231 860 1576 948 Trajmm
1657 860 1748 924 ad
1802 858 2074 940 jusV.,
2128 853 2299 917 alter
2348 855 2463 918 VI.

729 952 1250 1038 ifficdprofectum.

321 1147 378 1210 1.
429 1143 747 1209 Eruditus
802 1140 1119 1208 historiae
1172 1144 1439 1227 imperii
1488 1145 1744 1206 Roma-

217 1241 292 1304 ni
336 1240 609 1323 scriptor
653 1237 1134 1301 Tillemontius
1173 1239 1441 1322 prolixe
1487 1236 1743 1323 proba·

212 1356 295 1399 re
325 1332 639 1417 ¹instituit,
691 1335 1064 1416 Traianum
1109 1335 1256 1412 jam
1313 1351 1495 1398 anno
1534 1336 1619 1395 V.
1661 1330 1740 1394 C.

225 1444 267 1505 8
272 1451 367 1514 59
399 1431 477 1492 P.
513 1430 598 1492 X.
650 1431 780 1492 ιοό
823 1428 1141 1495 adversus
1179 1429 1471 1492 Parthos
1518 1425 1743 1512 profe·

222 1538 434 1591 ctum.
536 1526 989 1610 Argumenta,
1044 1524 1287 1608 quibus
1346 1523 1742 1588 sententiam

218 1621 411 1685 suam
454 1621 630 1683 tueri
664 1621 937 1697 nititur,
985 1620 1057 1682 in
1102 1639 1399 1704 pugnum
1472 1632 1742 1694 conti-ag

221 1727 340 1779 cta
366 1715 538 1780 haec
576 1711 717 1777 fere
757 1715 942 1776 sunt.
1014 1716 1070 1786 Ι,
1115 1714 1562 1778 testimonium
1626 1713 1741 1776 Io-

218 1809 420 1880 annis
454 1808 798 1885 Malalae‚
849 1809 965 1893 qui
1013 1812 1386 1889 Traianum
1438 1811 1588 1876 VII.
1629 1808 1739 1870 die

217 1903 526 1988 Januarii
583 1907 664 1967 V.
702 1903 779 1967 C.
825 1906 964 1976 860
1020 1906 1095 1969 P.
1158 1908 1236 1968 X.
1299 1924 1431 1983 ¹07
1508 1903 1740 1967 Antio·

220 1998 835 2084 chiamingress'um
873 1999 1139 2077 scribit,
1193 2012 1260 2062 et
1317 1999 1740 2083 deinceps.in

218 2097 295 2160 in
347 2093 579 2172 Persas
612 2092 1019 2179 profectum.
1121 2094 1208 2160 11.
1260 2097 1436 2157 Acta
1484 2106 1739 2172 marty-

219 2192 318 2254 rii
348 2189 418 2254 S.
466 2190 750 2275 Ignatii,
798 2189 866 2252 in
926 2190 1210 2273 quibus
1207 2189 1340 2252 hic
1412 2190 1656 2252 dicitur
1698 2206 1744 2250 a

221 2287 533 2378 Traiano
579 2284 983 2348 Antiochiae
1019 2283 1365 2369 praesente
1401 2286 1741 2364 conjectus

219 2382 300 2445 in
335 2363 666 2455 vincula,
715 2391 783 2441 et
843 2381 934 2442 ad
1001 2378 1244 2445 bestias
1323 2382 1740 2455 damnatus,

212 2473 702 2561 praesidentibus
781 2474 951 2559 apid
1008 2477 1329 2541 Romanos
1376 2475 1574 2564 Syria
1589 2522 1612 2556 ‚
1686 2482 1745 2537 et

215 2571 520 2646 Senecio,
573 2570 914 2651 quierant
966 2571 1266 2635 consules
1303 2572 1601 2653 ejusdem
1629 2589 1741 2633 an·

217 2666 298 2741 ni
338 2668 418 2731 V.
461 2663 538 2731 C.
581 2666 745 2739 360.
847 2665 1062 2749 Hujus
1120 2687 1392 2752 quoque
1434 2667 1743 2730 sententi-

224 2783 316 2831 ae
359 2763 573 2825 vades
613 2763 781 2825 citat
828 2761 1153 2827 chronica
1180 2762 1491 2840 Eusebii‚
1531 2775 1611 2826 et
1658 2768 1743 2826 A·

224 2858 731 2924 lexandrinum.
832 2855 952 2920 111.
1000 2850 1390 2922 'Auctoritas
1451 2878 1744 2939 marmo-

229 2972 388 3033 rum
427 2962 497 3012 et
528 2970 921 3029 numorum,
969 2954 1040 3016 in
1075 2972 1360 3037 quorum
1407 2953 1747 3036 aliquibus

223 3048 298 3111 T
302 3049 575 3125 rajanus
632 3050 771 3126 jam
826 3048 894 3108 in
953 3047 1301 3111 consulatu
1345 3051 1428 3111 V.
1500 3049 1749 3110 dicitur

220 3138 601 3218 Parthicus,
652 3153 773 3203 aut
792 3141 941 3224 typi
978 3153 1451 3228 proponuntur
1486 3143 1573 3203 ad
1609 3140 1748 3202 bel-

219 3237 371 3302 lum
405 3235 798 3298 Parthicum
835 3236 1233 3320 spectantes.
1336 3236 1509 3309 Vide
1551 3236 1751 3321 plura

221 3333 415 3418 apud
446 3331 657 3417 ipsum
694 3331 1207 3395 Tillemontium
1242 3332 1328 3394 in·
1350 3344 1513 3395 nota
1530 3333 1743 3396 XVII.

231 3441 310 3490 et
344 3426 524 3493 XXI.
569 3427 660 3490 ad
702 3426 1100 3506 Traianum.
1202 3432 1294 3491 At
1337 3447 1490 3492 cum
1563 3430 1746 3491 idem

224 3523 344 3586 vir
394 3522 695 3585 eruditus
731 3521 1120 3586 sententiam
1159 3521 1347 3586 suam
1390 3522 1746 3586 vehemen-

224 3630 340 3680 ter
371 3618 728 3679 contrariis
770 3616 1008 3679 Norifii
1071 3621 1482 3703 argumentis
1531 3619 1748 3704 premi

223 3711 542 3784 videret,
589 3708 834 3792 quibus
878 3713 936 3773 is
998 3713 1306 3776 evincere
1354 3715 1748 3790 contendit,

222 3808 300 3869 T
304 3807 609 3887 rajanum
680 3822 814 3865 non
899 3806 1185 3889 potuisse
1276 3821 1432 3871 ante
1502 3828 1748 3871 annum

223 3904 323 3967 V.
363 3898 439 3973 C,
475 3900 612 3981 865
646 3898 722 3962 P.
773 3901 847 3962 X.
912 3918 1039 3963 112
1095 3901 1165 3964 in
1199 3903 1488 3965 Parthos
1543 3902 1752 3988 profi·

228 3995 430 4071 cisci,
482 3995 692 4079 (Vi-de
731 3996 870 4073 ejus
917 3992 1266 4078 epistolam
1310 3997 1748 4080 consularem,

227 4104 360 4156 aut
402 4093 472 4155 in
522 4091 929 4172 compendio
974 4090 1487 4155 Tillemontium
1537 4092 1581 4153 1.
1652 4090 1750 4173 c..)

229 4199 310 4249 et
346 4199 572 4257 tamen
615 4186 1028 4270 argumentis
1069 4186 1200 4250 suis
1241 4205 1448 4270 graue
1483 4188 1749 4271 pondus

221 4281 478 4358 inesse,
525 4299 661 4343 non
729 4280 938 4343 aliam
962 4280 1114 4343 ess'e
1173 4283 1513 4367 aptiorem
1565 4283 1768 4345 viam

219 4386 423 4439 ratus
453 4372 578 4453 est,
632 4396 773 4459 qua
814 4375 1157 4438 dissidium
1204 4376 1366 4439 istud
1437 4379 1750 4441 concilia-

223 4479 459 4551 retur,
513 4490 717 4554 quam
752 4470 794 4534 fi
839 4467 1156 4537 statuatur
1193 4472 1472 4559 duplex
1473 4474 1754 4559 Traiani

1908 951 2100 1014 Haec
2140 949 2563 1014 Tillemontii
2599 965 3038 1038 argumenta,
3091 965 3240 1016 utut
3255 973 3326 1016 ιιι

1810 1045 2104 1128 speciem
2151 1043 2429 1122 valida,
2480 1044 2687 1111 facile
2726 1060 2955 1114 tamen
2995 1067 3147 1112 cum
3175 1068 3321 1132 gra·

1814 1137 2124 1200 vioribus
2169 1152 2571 1224 comparata
2616 1143 2758 1205 vim
2822 1162 3092 1205 omnem
3129 1144 3325 1208 amit-¹

1813 1244 1981 1296 tunt.
2082 1237 2303 1317 Atque
2338 1232 2581 1298 horum
2625 1237 3115 1302 validissimum
3171 1238 3363 1306 sane.

1814 1326 1944 1404 est,
1996 1347 2081 1390 ex
2128 1328 2562 1408 auctoribus,
2616 1344 2684 1395 et
2723 1335 3329 1418 monumentisve-

1813 1422 2068 1486 teribus
2146 1424 2350 1507 plane
2435 1425 2771 1504 constare,
2822 1427 3198 1509 Traianum
3254 1428 3326 1492 in

1814 1517 2162 1582 consulatu
2196 1520 2310 1582 VI.
2354 1521 2421 1582 in
2477 1520 2822 1585 Orientem
2878 1522 3264 1606 profectum
3305 1571 3324 1600 ‚

1811 1626 1886 1676 ut
1931 1631 2098 1676 mox
2134 1614 2546 1690 videbimus3
2600 1628 2674 1679 at
2704 1616 2894 1680 illum
2938 1638 3058 1702 per
3093 1620 3324 1684 consu-

1809 1708 2027 1774 latum
2065 1711 2147 1770 V.
2184 1710 2409 1772 Roma
2463 1710 2790 1791 abfuisse,
2860 1714 3107 1775 nedum
3156 1716 3326 1778 ‘lon-

1812 1806 2172 1889 ginquum‚
2224 1823 2469 1889 grave,
2519 1825 2601 1869 ac
2637 1808 3086 1893 periculosum
3126 1811 3198 1871 in
3226 1829 3333 1873 re<

1812 1911 2003 1963 moto
2043 1900 2322 1962 Oriente
2372 1899 2621 1963 bellum
2662 1903 2960 1987 gessisse,
3008 1904 3193 1969 nullo
3232 1909 3327 1971 in-

1817 1995 2173 2057 dubitatae
2196 1992 2357 2057 fidei
2391 1993 2768 2058 testimonio
2800 2001 2983 2085 posse
3012 2020 3323 2083 compro·

1815 2088 1992 2153 bari.
2090 2095 2197 2152 An
2231 2088 2594 2170 credibile,
2655 2090 2826 2155 istud
2854 2097 3327 2184 praeteritum

1814 2182 2006 2245 fuisse
2054 2182 2146 2246 ab
2190 2182 2555 2264 ilistoricis,
2608 2199 2677 2250 et
2714 2188 2803 2266 ab
2826 2188 3103 2252 horum
3138 2191 3335 2262 nullo

1815 2279 1930 2340 vel
1979 2290 2256 2342 tenuem
2324 2278 2583 2346 factam
2672 2285 3085 2348 mentionem
3164 2283 3332 2354 belli
3462 2323 3472 2332 ·

1812 2373 2112 2438 Parthici
2140 2375 2421 2459 duplicis,
2473 2396 2625 2458 cum
2652 2390 2879 2441 tamen
2914 2379 3167 2465 duplex
3186 2379 3332 2456 bel·
3372 2365 3381 2374 ⁸

1814 2469 1955 2534 lum
1984 2471 2319 2534 Dacicum
2348 2483 2582 2556 aperte
2625 2471 3025 2559 distinguant
3068 2475 3235 2551 Dio,
3261 2488 3331 2539 et

1818 2564 2265 2649 Spartianus?
2315 2579 2381 2629 et
2411 2587 2499 2630 an
2521 2569 2676 2654 ‚ullo
2730 2582 2934 2653 pacto
2978 2568 3328 2654 credibile,

1816 2660 1859 2725 fi
1895 2663 2235 2745 Traianus
2277 2682 2521 2729 revera
2553 2666 2621 2728 in
2655 2664 3000 2730 consulatu
3035 2668 3121 2732 V.
3171 2684 3330 2733 cum

1814 2757 2087 2823 Parthis
2124 2758 2259 2822 fuit
2310 2762 2740 2839 commissus,
2779 2781 3023 2847 neque
3076 2763 3331 2826 redivit

1816 2853 2183 2938 inglorium,
2233 2855 2488 2920 nullam
2528 2857 2597 2920 in
2660 2859 2924 2936 numiS,
2988 2859 3102 2923 vel
3149 2876 3337 2923 mar-

1820 2950 2126 3013 moribus
2161 2950 2308 3018 fieri
2364 2954 2774 3017 mentionem
2826 2954 2937 3016 seu
2995 2955 3328 3018 victoria-

1817 3061 2004 3121 rum,
2075 3045 2187 3106 seu
2266 3047 2692 3110 decretorum
2762 3048 3101 3110 honorum
3127 3096 3148 3126 ‚
3220 3061 3335 3113 ut:

1819 3139 2183 3222 triumphi,
2234 3158 2480 3218 arcus,
2533 3142 2716 3205 aucti
2760 3143 3193 3227 imperatoris
3244 3145 3327 3206 ti-

1819 3233 1944 3313 tuli
1985 3238 2163 3300 etc.3
2213 3235 2545 3299 Videmus
2576 3238 2646 3300 in
2693 3241 2915 3303 numia
2944 3238 3160 3323 sopito
3189 3239 3333 3322 pri-

1822 3328 1975 3395 dem
2044 3328 2238 3393 bello-
2284 3329 2548 3395 Dacico
2619 3331 2657 3395 s
2638 3335 2885 3419 gnatis
2958 3340 3336 3420 perpetuo,

1822 3439 2029 3510 atque
2082 3426 2171 3488 ad
2206 3422 2542 3490 fastidium
2573 3431 2819 3511 jactari
2862 3431 3164 3507 Dacica,
3232 3431 3331 3491 ni·

1822 3522 2064 3583 mirum
2113 3533 2346 3585 vetera
2386 3523 2544 3599 illa,
2597 3544 2686 3589 an
2741 3527 3101 3590 reticuisset
3145 3526 3330 3589 sena·

1820 3627 1979 3691 tus,
2034 3619 2150 3699 qui
2197 3608 2677 3702 imperatorem
2724 3596 2909 3684 suum
2946 3623 3168 3686 laudis
3204 3624 3333 3686 im·
3386 3654 3399 3667 =
3502 3638 3511 3645 ·

1824 3710 2173 3773 modicum
2217 3717 2451 3789 novit,
2505 3735 2721 3778 novas
2772 3717 3003 3780 lauros
3045 3739 3133 3781 ex
3182 3719 3335 3781 Ori-

1825 3817 1974 3869 ente
2011 3808 2473 3889 adportatas?
2522 3812 2700 3873 Nam
2753 3815 3142 3896 neutiquam
3190 3834 3335 3877 mo·

1826 3919 1978 3983 mor
2017 3904 2311 3985 paucula
2348 3905 2470 3967 illa
2513 3908 2827 3990 exempla
2867 3928 2952 3971 ex
2992 3912 3235 3985 numis,
3269 3920 3337 3972 et

1827 3998 2283 4061 marmoribus
2320 4000 2760 4065 Tillemontio
2793 4004 3082 4068 obtrusa.
3198 4009 3339 4070 Va-

1826 4090 2011 4155 leant
2045 4092 2223 4155 haec
2261 4109 2750 4181 monumenta,
2818 4113 2891 4160 ut
2922 4102 3074 4183 sane
3105 4100 3337 4162 valere

1828 4188 2119 4251 multum
2157 4188 2447 4274 debent,
2491 4203 2563 4254 at
2604 4204 2755 4256 tum
2785 4194 2995 4257 solum
3033 4197 3337 4274 valeant,

1832 4302 1992 4347 cum
2031 4285 2231 4347 nobis
2271 4286 2354 4347 de
2423 4305 2657 4349 eorum
2732 4288 2865 4353 fide
2930 4292 3123 4373 plene
3183 4311 3339 4355 con·

1835 4375 1988 4443 stat.
2077 4380 2341 4443 Bellam
2389 4382 2731 4447 enimvero
2764 4386 3049 4466 ‚Tnajani
3082 4383 3347 4453 historie.

1807 4493 1989 4559 am,
2043 4494 2248 4559 quam
2298 4479 2446 4562 quis
2486 4499 2570 4546 ex
2608 4481 2943 4564 catalogis
2997 4482 3109 4551 seu
3170 4482 3348 4571 lapi

2648 4576 2717 4639 L
2755 4575 2790 4636 1,
2830 4575 2853 4637 1
2906 4593 2951 4641 2
