4225 5450
1292 525 2358 620 BRAEFATIO.

246 750 557 807 morum
590 747 693 799 eo
748 733 1291 811 contentorum
1323 735 1460 800 aut
1491 722 1797 822 spurios
1838 723 2191 814 natales,
2246 732 2382 795 aut
2414 717 2693 799 falsam
2739 719 3189 806 lectionem,
3225 730 3359 797 aut

240 865 404 943 alia
448 840 655 939 vitia
685 861 1012 935 -idoneis
1062 860 1542 959 argumentis
1588 854 2089 933 demonstrat.
2139 863 2203 949 ⁸)

436 1134 674 1209 Haec
708 1129 1019 1229 quiquis
1051 1127 1375 1227 legerit,
1424 1106 1661 1199 facile
1701 1125 1865 1224 ipse
1906 1127 2316 1227 intelliget,
2371 1148 2546 1199 cum
2584 1125 2940 1214 edixere,
2989 1146 3144 1198 non
3183 1149 3352 1203 mo·

248 1275 351 1351 do
387 1292 676 1370 parum
704 1263 843 1341 isto
886 1255 1406 1347 Mediobarbi
1446 1258 1815 1359 catalogo
1860 1261 2290 1337 consultum
2335 1259 2856 1362 philologiae,
2904 1256 3036 1332 sed
3081 1263 3348 1348 etiam,

247 1406 299 1481 fi
346 1404 720 1500 sequare,
773 1395 1251 1498 gravissimis
1288 1406 1367 1467 te
1410 1394 2037 1503 quaquaversum
2074 1391 2516 1469 offenssonis
2558 1390 2933 1495 periculis
2993 1377 3350 1487 occursu·

244 1564 463 1628 rum,
514 1533 717 1617 nihil
756 1555 882 1605 me
917 1528 1259 1626 amplius
1302 1526 1706 1617 adserere,
1756 1528 1889 1602 nifi
1954 1531 2171 1627 quod
2236 1556 2287 1605 a
2329 1527 2904 1629 praestantibus
2975 1532 3073 1603 iis
3153 1534 3345 1617 viris

248 1674 571 1773 pridem
592 1667 741 1741 fuit
775 1664 1289 1741 constitutum.
1388 1660 1822 1736 Enimvero
1868 1676 2302 1762 antequam
2345 1663 2929 1739 Mediobarbus
2999 1665 3103 1740 ad
3160 1687 3342 1763 con-

240 1804 698 1885 scribendos
742 1803 1317 1913 imperatorum
1358 1819 1640 1871 numos
1673 1796 2124 1897 appelleret
2157 1803 2559 1901 animum,
2609 1800 2862 1875 multa
2907 1800 3032 1873 illi
3105 1814 3343 1879 antea

242 1944 456 2019 fuere
502 1934 1032 2040 providenda,
1080 1932 1351 2033 magni
1384 1930 1736 2007 faciendi
1762 1947 2226 2032 apparatus,
2275 1934 2557 2035 quibus
2596 1934 2898 2009 omissis
2934 1939 3137 2012 curis
3173 1950 3342 2013 tan-

240 2094 401 2155 tum
444 2075 740 2154 abfuit,
795 2083 876 2143 ut
908 2067 1098 2141 sana
1132 2065 1563 2143 eruditioni
1597 2064 2016 2158 alimenta,
2070 2084 2146 2143 et
2183 2072 2265 2143 in
2307 2072 2882 2149 incrementum
2934 2074 3343 2171 profutura

240 2223 605 2314 pararet,
652 2219 736 2279 ut
776 2207 1041 2295 etiam,
1094 2223 1273 2275 cum
1305 2211 1520 2273 recte
1552 2199 1727 2295 ipsa
1758 2200 2088 2293 valeret,
2139 2204 2605 2279 morborum
2643 2228 2982 2279 examen
3021 2207 3338 2283 induce—

240 2360 397 2436 ret,
448 2357 571 2429 et,
621 2322 675 2415 Β
715 2341 895 2439 opis
936 2336 1369 2438 indigeret,
1420 2318 1832 2406 contrariis
1864 2336 2239 2417 remediis
2276 2338 2599 2415 salutem
2659 2339 3030 2417 redderet
3084 2344 3344 2441 impe-.

241 2484 633 2563 ditiorem.
735 2470 1188 2574 Oportebat
1224 2471 1574 2571 primum
1604 2516 1628 2558 ,
1670 2491 1843 2569 'non
1888 2471 2250 2567 recipere
2289 2473 2372 2544 in
2428 2444 2926 2574 catalogum,
2993 2477 3131 2551 nifi
3199 2501 3337 2563 nu·

234 2638 455 2707 mos,
506 2634 845 2714 quorum
885 2606 1431 2701 antiquitatem
1474 2597 1910 2703 verumque
1947 2604 2220 2679 statum
2255 2619 2390 2680 aut
2429 2607 2931 2708 adprobass'et
2975 2611 3167 2713 ipse,
3203 2630 3341 2691 aut

238 2750 539 2834 nonnifi
578 2747 847 2826 avitis
880 2722 1175 2820 in‘arte
1208 2734 1464 2815 nostra
1498 2738 2176 2850 praestantissimis
2217 2742 2754 2842 adprobatam
2793 2729 3141 2836 noviss'et.
3190 2737 3336 2830 At-

232 2893 371 2992 qni
412 2890 496 2964 in
543 2883 833 2972 horum
866 2894 1194 2956 numero
1232 2896 1393 2947 non
1430 2871 1645 2948 fuill'e
1678 2872 2090 2952 Oeconem
2134 2875 2375 2969 suum,
2424 2878 2864 2979 intelligere
2894 2882 3057 2982 ipse
3096 2883 3335 2960 facile

232 3025 516 3126 potuit.
615 3017 735 3096 Vt
765 3017 977 3089 enim
1005 3014 1087 3086 in
1126 3013 1408 3110 quavis
1457 3024 1629 3086 arte
1662 3013 1924 3110 prima
1961 3014 2513 3112 experimenta
2552 3012 2880 3088 fallacia
2935 3017 3139 3105 sunt,
3217 3020 3332 3092 ita

228 3175 388 3237 non
428 3153 741 3258 poss'nnt
782 3147 1128 3224 Oeconis
1180 3145 1773 3238 commentarii,
1824 3149 1957 3245 qui
1996 3146 2215 3220 aliud
2278 3170 2436 3220 non
2497 3147 2704 3240 sunt,
2772 3148 2903 3228 nifi
2981 3154 3332 3252 primum

229 3295 421 3372 artis
461 3288 773 3398 nostrae
805 3296 1252 3382 tentamen,
1300 3282 1546 3357 variis
1580 3281 1842 3355 modis
1880 3304 2041 3396 non
2072 3279 2546 3380 frequenter,
2596 3249 3098 3388 graviterque
3140 3266 3326 3394 pec-2

226 3450 455 3513 cate,
506 3446 707 3523 quoe
749 3421 795 3494 fi
832 3443 1012 3496 cum
1067 3420 1351 3492 aetatis
1391 3419 1573 3496 suae
1616 3414 1902 3518 opibus
1942 3416 2423 3490 contendere
2459 3414 2826 3510 libuiss'et‚
2922 3426 3325 3524 reperiss'et

224 3565 637 3644 continuo,
687 3556 1078 3652 majorem
1115 3575 1578 3641 numorum,
1633 3573 1830 3653 quos
1873 3552 1931 3624 ii
1971 3552 2412 3643 continent,
2462 3565 2777 3649 partem
2819 3551 2956 3629 aut
2992 3555 3138 3636 effe
3175 3558 3319 3635 fal·

219 3700 429 3786 ram,
478 3705 615 3770 aut
648 3690 1005 3791 spectata
1034 3687 1516 3789 epigraphe,
1567 3691 1825 3790 typiS,
1877 3685 2212 3783 aliisque
2251 3683 2491 3759 caufis
2534 3687 3012 3794 gravissimis
3051 3709 3320 3772 avero

220 3849 717 3931 magnopere
767 3821 1168 3910 abludere.
1267 3823 1382 3897 At
1416 3847 1611 3901 vero
1653 3822 1875 3918 hujus
1928 3831 2272 3894 naturae·
2309 3843 2467 3894 non
2526 3821 2771 3895 modo
2841 3825 3047 3919 sunt,
3120 3799 3318 3930 quoa

212 3959 800 4068 mediobarbus
828 3958 913 4030 in
962 3959 1415 4060 catalogum
1445 3958 1664 4060 suum
1693 3957 2038 4053 recepit,
2089 3956 2306 4028 numi
2342 3950 2827 4049 Occoniani,
2881 3937 2958 4050 et
3013 3968 3149 4062 qui
3185 3966 3314 4045 his

206 4099 589 4199 permixti
622 4093 829 4183 sunt,
882 4088 1327 4184 Goltziani,
1380 4094 1841 4196 sedetiam,
1895 4112 2091 4198 quos
2130 4088 2293 4189 ipse
2338 4090 2554 4202 nullo
2612 4092 2901 4171 dilectu
2938 4123 3042 4176 ex
3099 4124 3312 4182 com·

210 4232 632 4322 municatis
668 4226 943 4302 secum·
972 4228 1400 4328 catalogis,
1448 4226 1908 4326 schedisque
1944 4223 2302 4336 corrafit,
2350 4237 2427 4297 et
2463 4228 2545 4298 in
2577 4226 2792 4302 snum
2824 4225 3310 4324 Amaltheae

276 4447 339 4510 a)
379 4444 440 4498 B.
478 4445 545 4502 1..
584 4443 752 4496 Tom-
790 4441 925 4534 2511.
965 4439 1092 4496 Hist.
1129 4461 1188 4515 p.
1218 4457 1340 4525 309.
1377 4445 1541 4497 Tom.
1580 4439 1742 4500 xlv,
1782 4435 1911 4502 Hist,
1936 4426 2017 4511 ‘pf
2054 4440 2168 4495 116.
2205 4439 2740 4505 Tom.·xvl.·fflfi.
2773 4460 2833 4516 p.
2876 4460 3014 4519 ¹45»

1358 4553 1367 4562 ι
2191 4571 2204 4576 ,
2795 4541 2830 4575 ιιι
