4225 5450
867 481 1012 572 '876
1957 478 2850 596 DOMITIANVS.

863 679 1152 768 imperio
1221 681 1440 750 frater
1483 683 1938 762 Domitianus.
2659 673 2667 684 ’
2748 679 3967 754 ῙΜΡ.ΟΑΕ8ΑΒ.ῸΟΜῘΤῘΑΝνὸε
4094 734 4105 754 .

967 779 1068 842 Ad
1104 778 1399 865 reliquos
1441 784 1599 846 anni
1649 783 1840 863 hujus
1909 783 2163 847 menses
2234 782 2371 870 spe·
2746 776 2960 848 AVG.
3006 780 3206 865 Caput
3252 779 3641 859 laureatum,
3716 783 3787 846 in
3824 782 3963 845 AV.

865 885 1053 938 etant
1089 878 1317 952 numi,
1370 880 1484 959 qui
1521 886 1673 940 eum
1693 878 1960 964 Augusti
1998 879 2193 944 titulo
2215 898 2369 944 eon·
2742 878 2892 942 AR.

861 969 1145 1034 sulatum
1193 971 1343 1033 VII.
1386 977 1817 1058 conjungunt.
2551 972 3024 1057 Inscriptiones
3063 972 3491 1040 aversarum:

1101 1069 1108 1078 “
1154 1063 1342 1130 ΙΜΡ.
1415 1065 1659 1132 CAES.
1705 1068 2217 1133 ‘DOMITIAR
2268 1071 2373 1152 (in
2455 1065 2702 1132 TR.P'.
2745 1066 3113 1144 COS.VII.
3162 1070 3309 1132 vel:
3365 1066 3733 1132 COS.VII.
3768 1066 3955 1137 DES.

1152 1161 1304 1225 aliis
1395 1161 2055 1245 DOMITIANVS.)
2154 1163 2368 1231 AVG.
2454 1164 2638 1227 VIII.
2690 1165 2764 1226 P.
2798 1165 2870 1225 P.
2913 1164 3026 1226 vel
3064 1163 3211 1227 TR.
3254 1166 3329 1227 P.
3364 1161 3556 1232 COS.
3594 1163 3959 1231 VILDES.

1142 1258 1424 1418 {gNU
1472 1258 1671 1344 Caput
1692 1261 2073 1342 laureatum,
2122 1258 2193 1322 in
2226 1264 2369 1326 AV.
2454 1260 2639 1326 VIII.
2677 1261 2844 1348 typis
2888 1257 3111 1325 obviis.
3165 1260 3483 1326 AV.AR.,

1892 1549 2129 1616 Eodem
2164 1569 2328 1638 anno
2376 1552 2646 1619 PONT.
2692 1550 2931 1635 MAX.

853 1639 953 1712 A.
1154 1643 1343 1708 IMP.
1424 1640 1672 1708 CAES.
1760 1641 2368 1712 DOMITIANVS.
2418 1647 2628 1714 AVG.
2681 1650 2757 1713 P.
2822 1649 2921 1712 M.
2973 1646 3177 1733 Caput
3232 1645 3623 1725 laureatam,
3670 1649 3742 1714 in
3794 1647 3946 1716 AV.

850 1827 944 1901 B.
1141 1835 1333 1899 IMP.
1369 1835 1867 1905 DOMITIAN.
1913 1837 2169 1908 CAES.
2218 1840 2437 1905 DIVI.
2478 1840 2722 1905 VESP.
2758 1839 2842 1908 F.
2881 1837 3093 1905 AVG.
3141 1842 3227 1907 P..
3272 1842 3370 1905 Μ.
3416 1842 3565 1908 TR.
3618 1841 3697 1904 P.
3766 1840 3839 1904 P.
3875 1840 3945 1904 Ρ.

1144 1928 1331 2002 COS,
1375 1932 1523 1995 VII.
1570 1931 1771 2015 Caput
1801 1935 2191 2012 laureatum,
2240 1942 2309 2003 in
2351 1938 2503 2004 ΑΕ.
2534 1939 2595 2002 Ι.
2649 1939 2653 1945 ’
3698 2008 3705 2013 .

853 2017 950 2093 C.
1125 2026 1317 2090 IMP.
1361 2027 1451 2092 D.
1486 2026 1730 2091 CAES.
1771 2031 1991 2098 DIVI.
2036 2033 2278 2101 VESP.
2332 2035 2407 2101 F.
2442 2032 2655 2097 AVG.
2688 2032 2760 2094 P.
2801 2034 2899 2096 M.
2959 2032 3110 2100 TR.
3146 2034 3220 2100 P.
3276 2033 3355 2100 P.
3388 2032 3473 2095 P.
3532 2031 3731 2099 COS.
3798 2032 3939 2097 VII.

1141 2121 1345 2206 Caput
1385 2123 1707 2188 radiatum
1728 2174 1747 2203 ,
1798 2131 1865 2191 in
1908 2128 2056 2192 ΑΕ.
2096 2130 2189 2195 II.

843 2215 947 2290 D,
1149 2218 1334 2285 IMP.
1377 2219 1630 2282 CAES.
1668 2221 1887 2291 DIVI.
1928 2223 2169 2290 VESP.
2204 2225 2703 2291 DOMITIAN.
2736 2221 2950 2294 AVG.
3000 2226 3077 2291 P.
3140 2228 3241 2293 M.
3287 2224 3493 2310 Caput
3557 2226 3941 2307 laureatum,

1135 2319 1202 2390 in
1237 2315 1388 2386 ΑΕ.
1425 2318 1485 2380 Ι.
1530 2315 1642 2384 II..

935 2514 1408 2604 I'nscriptiones
1446 2515 1829 2579 aversarum
1865 2515 1931 2576 in
1953 2514 2099 2576 AV.
2129 2525 2195 2576 et
2212 2514 2354 2579 AR.
2437 2534 2867 2600 nequaquam
2898 2526 3264 2601 propterea
3295 2515 3783 2602 approbandus
3829 2535 3949 2578 nu·

843 2615 990 2680 sunt
1024 2627 1096 2678 ut
1132 2615 1200 2675 iu
1237 2612 1580 2696 prioribus
1627 2609 1767 2672 solo
1824 2608 2095 2671 PONT.
2161 2623 2352 2674 nota·
2436 2632 2622 2690 mus,
2677 2613 2860 2695 quod
2902 2613 2963 2675 se
3003 2612 3484 2697 chronologiae
3510 2624 3651 2688 ‚.et
3691 2611 3947 2675 histori-

837 2714 970 2791 tis,
1025 2724 1092 2773 et
1133 2708 1513 2790 conspirant
1554 2706 1949 2790 plerumque
1976 2704 2146 2786 typi.
2218 2709 2354 2767 Ae·
2435 2726 2518 2768 ae
2572 2707 2848 2787 subjicit.
2914 2709 3145 2773 ,Aliae
3188 2711 3487 2772 rationes
3539 2706 3938 2792 persuadere

838 2810 950 2870 nei
995 2808 1256 2873 Romam
1276 2802 1628 2886 sedentem,
1672 2801 1785 2863 vel
1815 2801 2040 2864 Pacem
2077 2800 2363 2888 Augufii'
2431 2801 2644 2886 Pagio
2686 2803 3082 2879 debuerant,
3132 2824 3404 2869 numum
3423 2808 3569 2886 jure
3602 2822 3647 2864 a
3674 2804 3943 2866 Medio·

837 2900 1072 2963 sistunt.
2436 2896 2656 2961 barbo
2697 2899 3044 2975 omiss'um,
3100 2919 3267 2980 quas
3314 2902 3487 2967 inter
3567 2901 3941 2983 praecipua

933 2999 1039 3059 Ad
1093 2993 1269 3056 hunc
1316 3013 1561 3056 annum
1595 2991 1986 3055 referendus
2024 2991 2229 3054 etiam
2288 3012 2349 3054 e·
2435 2992 2565 3071 est,
2618 2995 2799 3076 quod
2836 3014 3116 3059 numero
3168 3016 3377 3059 aureo
3422 2996 3813 3077 inscriptum
3872 2995 3935 3060 S.

834 3091 921 3165 rit
963 3111 1248 3174 numm,
1303 3110 1501 3173 quem
1540 3089 1623 3152 [ic
1661 3088 1976 3152 describit
2020 3087 2250 3154 Occo:
2434 3088 2509 3153 C.
2551 3093 3034 3174 praetenditur.
3138 3092 3239 3154 Ad
3275 3112 3386 3153 me
3428 3093 3612 3175 quod
3648 3094 3941 3173 attinet,

932 3187 1118 3253 IMP.
1151 3186 1486 3249 DOMIT.
1521 3183 1732 3249 AVG.
1767 3185 1840 3249 P.
1884 3184 1977 3247 M.
2034 3181 2223 3252 COS.
2259 3187 2344 3251 11.
2428 3198 2705 3248 numum
2738 3183 2977 3248 falsum
3024 3206 3157 3250 non
3184 3188 3454 3253 dixero
3480 3220 3525 3264 ,-
3548 3186 3659 3249 red
3711 3190 3941 3272 inique

830 3292 889 3359 33
938 3283 1004 3347 S.
1052 3284 1105 3347 C
1154 3282 1415 3349 Cornix.
1465 3284 1612 3344 AV.
2425 3282 2966 3367 promulgatum3
3017 3274 3175 3347 naht
3206 3285 3393 3352 numi
3427 3281 3667 3346 ssmiles
3706 3283 3947 3345 Domi-

930 3381 1128 3444 Hunc
1166 3401 1437 3445 numum
1487 3379 1734 3464 Pagius
1786 3375 2089 3439 omiss‘um
2126 3399 2167 3440 a
2200 3379 2340 3441 Me·
2426 3379 2780 3461 tianitypo
2814 3378 3139 3456 corniciS,
3192 3379 3317 3442 vel'
3338 3380 3527 3441 corvi
3561 3378 3753 3440 obvii
3776 3380 3943 3457 suna.

835 3478 1215 3554 diobarbo,
1268 3476 1452 3539 haud
1488 3474 1735 3552 dubie,
1790 3473 1970 3554 quod
2011 3472 2345 3556 suspectus
2425 3472 2538 3536 fed
2579 3475 2771 3535 aenei
2811 3473 2929 3536 IV.
2976 3472 3242 3537 formae
3274 3524 3291 3550 ‚
3345 3487 3410 3536 et
3462 3477 3607 3556 ejus
3639 3474 3943 3558 generis,

831 3572 928 3634 ini
995 3571 1393 3649 videbatur,
1435 3571 1906 3653 *conqueritur
1932 3614 1951 3642 ‚
2026 3589 2176 3630 cum
2243 3581 2340 3632 ta·
2428 3568 2662 3650 quales
2700 3568 2876 3631 infra
2912 3567 3054 3653 post
3097 3587 3338 3630 numos
3381 3569 3577 3649 hujus
3617 3571 3945 3652 principia

833 3689 984 3730 men
1017 3674 1398 3752 temporum
1445 3668 1692 3728 rationi
1751 3677 2181 3747 nequaquam
2232 3685 2342 3727 re·
2425 3682 2644 3747 vagos
2687 3664 3198 3730 recensebimuS.
3296 3664 3429 3727 Sed
3502 3684 3721 3745 neque
3798 3664 3928 3747 epi·

829 3767 1134 3848 pugnet.'
1201 3761 1393 3841 Esto,
1445 3760 1907 3823 Domitianum
1954 3762 2086 3823 dici
2124 3766 2353 3844 Augu-.
2425 3758 2727 3843 graphen
2783 3760 3313 3837 Occouianam,
3345 3758 3464 3822 etsi
3514 3758 3931 3841 chronologi-

834 3858 1034 3937 stum,
1088 3871 1154 3922 et
1198 3855 1446 3920 nonnifi
1492 3854 1682 3921 COS.
1741 3859 1878 3936 11.,
1967 3857 2283 3919 nimirum
2322 3903 2354 3934 ,
2428 3872 2541 3917 am
2578 3873 2711 3915 non
2761 3855 3041 3933 laedat,
3091 3858 3359 3939 gemino
3400 3856 3626 3919 altero
3711 3874 3925 3918 exem-

830 3940 1433 4039 inquit,'prudens
1470 3955 1882 4016 monetarius
1917 3949 2355 4015 suffectorum
2426 3948 2605 4031 plari
2657 3949 2823 4011 mihi
2880 3952 3153 4034 cognito
3200 3951 3455 4034 poss'um
3507 3944 3941 4013 cdnfirmare..

830 4049 2345 4137 q1·inqueDomitianiconsulatuumrationem
2428 4043 2695 4106 Tamen
2737 4060 3016 4107 numum
3079 4045 3499 4122 Domitiani,
3575 4047 3690 4127 qui
3740 4042 3927 4106 Fuffe-

827 4167 962 4212 non
1002 4147 1260 4210 habuit.
1316 4144 1377 4227 ⁸)
1448 4145 1791 4229 Ingeniose
1857 4144 2072 4221 istud,
2129 4156 2195 4205 et
2254 4142 2343 4202 se·
2429 4151 2575 4210 ctos
2619 4140 2903 4216 reticet,
2951 4141 3258 4207 dedimus
3300 4141 3497 4225 supra
3553 4141 3643 4203 ad
3687 4157 3936 4203 annum

831 4247 1118 4306 cundum
1160 4264 1280 4320 ea,
1333 4261 1506 4325 quae
1567 4239 1746 4302 infra
1798 4242 1886 4302 ad
1963 4237 2349 4303 Domitiani
2425 4236 2509 4297 V.
2556 4234 2629 4297 C.
2687 4247 2849 4317 832.

832 4341 1210 4402 consulatus
1245 4338 1684 4413 notabimus‚.
1725 4354 1914 4399 vere.
2035 4339 2125 4396 At
2163 4334 2349 4393 enim·
2452 4372 2471 4377 -

822 4475 1152 4499 ——q-—ae—-r

906 4548 963 4614 a)
999 4546 1178 4605 critic.
1216 4547 1423 4608 Baton.
1460 4544 1530 4600 ad
1571 4559 1706 4604 ann.
1744 4539 1868 4593 Cht.
1905 4551 1990 4607 832
