4225 5450
1386 538 2323 653 vEsrAsva'S.

296 792 543 843 numos
577 770 871 861 descripsi
907 774 974 836 in
1011 768 1347 861 C'atalogo
1394 777 1597 840 musei
1632 774 1799 841 Cae-

298 872 470 935 sarei
491 918 510 947 ‚
566 868 628 952 ²)
680 884 751 934 ut
788 883 852 933 et
880 884 1117 933 auctor
1148 873 1349 934 musei
1381 872 1746 956 Theupoli.

399 964 611 1029 Aliter
650 984 821 1029 nunc
853 985 929 1028 re
968 968 1293 1030 maturius
1344 966 1620 1030 discuss'a
1660 967 1797 1029 sen·

293 1061 597 1126 tiendum
634 1059 936 1125 existimo
963 1106 982 1135 ‚
1032 1061 1349 1124 nimirum
1374 1075 1633 1146 partem
1656 1062 1799 1146 epi-

168 1226 185 1241 p
298 1156 588 1241 graphes
652 1174 705 1225 ,a
754 1154 1037 1217 dextera
1086 1157 1270 1217 numi
1323 1157 1792 1240 incipientemz

300 1250 546 1318 CAES.
584 1247 797 1312 AVG.
837 1250 916 1312 F.
954 1248 1144 1311 DES.
1182 1250 1367 1331 ΙΜΡ.
1413 1251 1504 1313 ad
1541 1248 1795 1314 adstan-

295 1359 433 1410 tem
469 1344 789 1430 figuram,
842 1364 1045 1426 quam
1086 1345 1319 1410 Titum
1368 1347 1516 1424 ajo,
1572 1342 1799 1407 [iniste-

270 1444 546 1503 Tiorem
588 1438 834 1502 aliam:
885 1436 1095 1502 AVG.
1129 1439 1208 1502 F.
1251 1440 1439 1505 COS.
1471 1438 1798 1503 DES.IT.

302 1537 394 1601 ad
432 1532 801 1596 adstantem
847 1534 1094 1611 aliam,
1161 1555 1404 1621 nempe
1467 1533 1801 1601 Domitia·

298 1651 457 1695 num
479 1629 832 1715 pertinere.
931 1629 1042 1693 Sic
1075 1627 1395 1695 statuendi
1415 1630 1612 1694 causa
1636 1629 1799 1691 mul-

299 1726 537 1810 tiplex.
591 1724 646 1789 Ι.
701 1725 1020 1787 Servatur
1054 1719 1319 1790 illaesus
1352 1724 1798 1812 inscriptionis

305 1822 520 1896 ordo,
573 1822 746 1902 quae
785 1840 871 1883 ex
919 1820 1064 1904 lege
1127 1822 1593 1885 Romanorum
1652 1838 1798 1881 mo·

301 1917 565 1979 netaria
594 1916 1093 1978 omnis'aetatis
1126 1917 1367 1999 incipit
1399 1937 1438 1978 a
1471 1927 1662 1998 parte
1690 1934 1803 1976 nu·

198 2082 209 2095 .
302 2012 397 2075 mi
436 2012 717 2073 dextera
740 2056 758 2085 ,
810 2010 1074 2093 reliqua
1109 2010 1349 2075 deinde
1378 2004 1806 2094 inscriptione

301 2105 488 2170 nullo
520 2102 864 2166 interstitio
906 2107 975 2167 in
1025 2106 1343 2169 circulum
1387 2107 1803 2168 continuata.

206 2188 213 2197 ⁸
300 2200 711 2263 Vaillantius
743 2199 1037 2263 violente
1065 2202 1476 2285 epigraphen
1509 2199 1809 2263 continu-

304 2315 419 2361 am
464 2293 533 2356 in
567 2291 793 2355 medio
828 2293 1025 2377 ipsius
1062 2295 1301 2359 versus*
1327 2295 1651 2368 inchoat,
1701 2311 1809 2354 cu-

296 2388 859 2474 jusinsolen—tiam
898 2387 1102 2453 facile
1153 2392 1424 2473 quidem
1456 2386 1810 2476 apoverit

302 2486 478 2570 ipse,
534 2483 643 2544 sed
676 2478 859 2544 ali'ud
894 2483 1161 2547 suaserit
1202 2488 1459 2549 credita
1516 2484 1810 2548 chrono-

306 2580 529 2664 logiae
568 2577 701 2642 lex,
803 2575 970 2643 Cum
1027 2599 1110 2642 ex
1157 2581 1510 2645 Vaillantii
1560 2579 1807 2642 senten-

306 2675 405 2739 tia
442 2672 844 2760 epigraphes
894 2695 1052 2760 pars
1110 2676 1202 2739 ad
1245 2673 1555 2742 [inistram
1593 2671 1811 2760 posita

308 2773 398 2834 ad
437 2771 673 2833 Titum
725 2773 1092 2853 pertineat,
1144 2772 1396 2835 necess'e'
1437 2770 1564 2848 est,
1617 2767 1808 2831 statu-

308 2878 451 2928 tam
490 2865 695 2926 etiam
722 2866 915 2946 juxta
950 2866 1230 2950 figuram
1263 2867 1389 2930 ess'e
1417 2868 1690 2945 Titum,
1742 2873 1810 2927 et

312 2980 503 3034 eam,
554 2978 729 3040 quae
763 2963 851 3023 ad
882 2962 1236 3024 dexteram
1271 2960 1523 3037 adstat,
1573 2960 1811 3022 Domi-

190 3049 199 3058 ”
305 3056 589 3136 tianum.
688 3056 940 3120 Verum
975 3057 1158 3118 omni
1205 3075 1381 3120 aevo
1422 3057 1606 3141 apud
1670 3055 1805 3117 Ro-

308 3169 547 3213 manos
583 3147 771 3212 locus
805 3152 1042 3214 dexter
1081 3151 1345 3235 dignior
1386 3151 1658 3215 habitus
1694 3147 1806 3232 est,

309 3258 377 3308 et
413 3246 522 3306 hic
560 3245 765 3307 etiam
815 3246 1169 3329 competiit
1211 3247 1373 3309 Tito
1409 3245 1690 3321 seniori,
1740 3257 1808 3308 et

302 3345 444 3422 jam
480 3352 646 3415 tum,
699 3359 850 3402 cum
889 3340 999 3402 hic
1034 3361 1268 3403 numus
1304 3341 1492 3404 cusus
1531 3341 1640 3417 est,
1693 3341 1803 3403 de-

311 3435 562 3520 signato
594 3453 640 3495 a
673 3434 1077 3521 Vespasiano
1130 3435 1474 3520 conlegae.
1552 3425 1688 3500 ‘Sic
1735 3436 1806 3497 in

242 3593 251 3601 κ
309 3532 530 3593 numis
551 3548 817 3613 quoque
854 3530 1186 3615 superiore
1216 3552 1394 3594 anno
1433 3530 1803 3613 descriptiS,

309 3627 378 3688 in
415 3626 657 3707 quibus
687 3637 966 3708 uterque
989 3623 1233 3689 Caesar
1251 3625 1636 3710 frequenter
1654 3643 1803 3710 pro·

304 3721 580 3805 ponitur
603 3765 624 3795 ‚
676 3717 1045 3782 constanter
1077 3722 1384 3785 videmus
1413 3722 1559 3785 Titi
1596 3734 1664 3783 et
1694 3741 1801 3784 ca·

305 3825 475 3899 put,
519 3826 584 3875 et
619 3812 1114 3895 inscriptionem
1143 3816 1450 3900 digniore
1492 3816 1646 3881 loeo
1680 3836 1801 3902 po-

304 3910 534 3987 sitam,
586 3919 658 3974 ut
709 3909 1018 3971 omittam
1073 3909 1213 3971 alia
1268 3913 1487 3973 omnis
1562 3914 1804 3974 aetatis

307 4004 641 4089 exempla.

302 4102 647 4185 redarguit
688 4116 929 4162 numus
966 4098 1373 4183 Begerianus
1435 4100 1649 4164 altero
1690 4101 1803 4164 hic

300 4215 345 4258 a
378 4215 486 4257 me
517 4196 673 4259 loco
716 4193 1124 4277 descriptu3‚
1172 4196 1288 4276 qui
1334 4207 1504 4277 typo
1561 4195 1801 4277 priori·

296 4290 422 4352 bus
459 4289 822 4353 simillimus
859 4287 1285 4372 inscriptione
1338 4300 1601 4351 tantum
1668 4286 1800 4351 dif-
1878 4301 2019 4352 tum
2055 4291 2300 4353 dicitur
2342 4289 2531 4354 COS.
2585 4288 2774 4352 DES.

774 4001 896 4064 111.
966 4004 1407 4068 Vaillantium
1457 4005 1800 4070 manifeste
1832 4004 2204 4076 *sententia
2282 4019 2612 4090 repugnat
2692 4006 3196 4093 chronologiae,

3145 612 3158 621 ’
3245 589 3387 657 325

1879 776 2061 861 mina
2096 773 2429 839 enunciat.
2535 775 2624 842 At
2671 771 2840 835 haec
2879 767 3163 856 figuram
3214 767 3374 832 dex-

1878 868 2194 933 teridrem
2234 880 2438 934 vocat
2469 870 2726 945 Titum,
2767 864 3217 930 sinisteriorem
3241 862 3383 927 Do·

1880 965 2232 1027 mitianum
2254 1014 2274 1039 ,
2328 984 2487 1049 ergo
2516 984 2599 1028 ex
2635 961 2991 1047 analogiae
3026 960 3171 1045 lege
3200 958 3383 1022 idem

1881 1058 1965 1120 de
2030 1060 2363 1142 prioribus
2449 1052 2882 1123 sentiendum.'
2977 1056 3095 1119 IV.
3167 1051 3383 1117 Tituli

1882 1154 2225 1241 utriusque
2262 1153 2563 1218 Caesaris
2603 1154 2957 1217 secundum
2995 1170 3217 1213 meam
3247 1149 3383 1212 sen-

1879 1244 2162 1310 tentiam
2197 1252 2460 1334 accepti
2488 1269 2623 1313 non
2662 1260 3036 1333 repugnant
3067 1243 3381 1308 historiae

1885 1357 1950 1406 et
1982 1343 2483 1428 chronologiae.
2582 1345 2845 1408 Dicitur
2899 1342 3214 1404 nimirum
3256 1339 3386 1401 Ti-

1880 1452 1987 1501 tus
2027 1437 2400 1504 CAESAR.
2445 1438 2744 1526 AVGufli
2775 1436 2978 1502 Filius
3004 1433 3388 1499 DEslGna-

1880 1543 1984 1598 tus
2004 1534 2405 1601 IMPerator.
2503 1532 2672 1599 Cum
2708 1535 2905 1597 Titus
2944 1532 3076 1594 hoc
3103 1534 3246 1612 jam
3267 1549 3384 1593 an·

1885 1649 1973 1692 no
2009 1645 2249 1692 revera
2285 1631 2502 1694 dictus
2533 1628 2739 1693 fuerit
2779 1648 2824 1691 a
2861 1639 3055 1712 patre
3117 1630 3387 1710 impera-

1882 1736 2008 1801 tor,
2062 1736 2132 1785 et
2160 1726 2523 1810 adoptatus
2559 1725 2868 1809 conlega,
2905 1721 3389 1807 pronissimum

1889 1820 2018 1895 est,
2072 1840 2224 1882 eum
2267 1821 2333 1882 in
2402 1822 2618 1882 numis
2686 1830 2842 1882 ante
2905 1814 3073 1879 istud
3120 1828 3390 1901 tempus

1889 1916 2155 2001 [ignatis
2195 1915 2326 1976 dici
2366 1913 2850 1978 DESIGnatum
2890 1912 3391 1985 IMPeratorem,

1892 2032 2026 2096 quo
2076 2010 2284 2072 modo
2327 2020 2394 2072 et
2424 2007 2856 2072 Caracallam
2894 2007 3116 2071 adhuc
3153 2002 3392 2070 Caesa·

1888 2126 2032 2170 rem
2067 2106 2136 2167 in
2170 2105 2385 2167 numis
2439 2104 2578 2166 dici
2623 2101 3028 2166 videbimus.
3063 2106 3392 2185 imperato·

1889 2223 2019 2266 rem
2050 2200 2423 2284 destinatum.
2521 2197 2754 2280 Neque
2787 2208 3116 2281 repugnat
3156 2195 3392 2258 titulun

1890 2295 2271 2359 Domitiani
2296 2316 2332 2371 z,
2365 2289 2665 2378 Aanstz·
2701 2291 2902 2354 Filius
2936 2288 3129 2353 COS.
3160 2288 3394 2351 DESI-

1893 2389 2147 2457 Gnatus
2174 2391 2464 2454 ITerum.
2565 2386 2838 2450 Certum
2869 2383 2996 2465 est,
3043 2383 3234 2448 fuisse
3253 2384 3392 2449 Do·

1895 2460 2243 2549 mitiaffum
2278 2485 2493 2547 Nonis
2552 2481 2767 2568 April.
2812 2481 3004 2560 hujus
3047 2480 3204 2542 anni
3238 2497 3392 2543 con·

1891 2582 2096 2644 sulem
2137 2578 2507 2663 suffectum,
2560 2590 2634 2641 ut
2667 2579 2735 2640 in
2757 2576 2947 2656 huius
2982 2575 3204 2639 numis
3238 2595 3395 2662 pro·

1890 2676 2189 2757 babitur,
2239 2688 2306 2740 et
2352 2674 2520 2738 nihil
2551 2668 2794 2749 obstat,
2844 2692 2978 2758 quo
3019 2672 3237 2736 minuti
3257 2691 3393 2736 cre·

1892 2774 1962 2836 di
2003 2767 2253 2857 possit,
2304 2791 2458 2835 eum
2491 2774 2634 2854 jam
2667 2761 2807 2831 tum
2850 2780 3113 2853 apatre
3155 2769 3225 2830 in
3243 2787 3392 2853 pro·

1889 2869 2150 2932 ximum
2192 2867 2530 2931 biennium
2567 2864 2758 2929 fuisse
2795 2863 3205 2949 designatum
3231 2882 3393 2927 con-

1890 2963 2091 3026 sulem
2121 3010 2139 3039 ‚
2192 2976 2264 3026 ut
2298 2982 2538 3026 revera
2583 2959 2904 3046 processit
2960 2962 3044 3022 .V.
3091 2956 3164 3021 C.
3209 2962 3393 3036 826,

1893 3078 2053 3143 ergo
2078 3105 2099 3132 ‚
2154 3057 2193 3119 [ἰ
2223 3057 2406 3122 numi
2431 3057 2807 3141 praesentes
2827 3055 3012 3117 circa
3040 3050 3204 3117 istud
3227 3067 3393 3119 tem·

1891 3173 2016 3239 pus
2053 3153 2279 3235 [ignati
2315 3152 2493 3227 sunt,
2547 3151 2806 3236 potuit,
2859 3170 2940 3213 ac
2978 3148 3212 3212 debuit
3260 3150 3397 3214 dici

1891 3247 2077 3314 COS.
2100 3246 2390 3310 DESIG.
2424 3247 2714 3311 {Ter-um.
2816 3246 2972 3326 Ejus
2995 3247 3091 3306 rei
3114 3245 3393 3310 dubium

1891 3364 2087 3406 omne
2122 3353 2429 3406 removet
2463 3360 2700 3403 numus
2730 3340 2901 3403 alter
2933 3338 3345 3422 Begerianus
3369 3386 3390 3417 ,

1885 3441 1954 3500 in
1988 3458 2121 3520 quo
2158 3450 2386 3522 aperte
2433 3437 2864 3499 Domitianus
2914 3434 3158 3497 dicitur
3195 3433 3388 3499 COS.

1884 3533 2075 3595 DES.
2108 3531 2194 3594 ΙΙ.
2297 3537 2386 3594 At
2442 3544 2695 3594 certum
2753 3527 2841 3592 est
2895 3530 3143 3606 etiam,
3213 3530 3388 3593 hunc

1882 3647 2157 3691 numum
2206 3647 2382 3689 anno
2426 3626 2764 3711 praesente
2797 3623 2989 3688 fuiss'e
3036 3624 3384 3710 signatum,

1887 3725 2209 3805 quoniam
2249 3722 2468 3788 Titus·
2493 3722 2624 3784 hoc
2656 3732 2920 3795 tantum
2964 3707 3156 3784 anno'
3195 3719 3387 3786 COS.

1881 3816 2176 3880 DES.II.
2205 3815 2352 3889 fuit,
2407 3817 2626 3898 qualia
2657 3817 2722 3878 in
2764 3819 3153 3882 eodemhoc
3183 3837 3385 3884 numo

1885 3913 2216 3998 proditur.
2314 3915 2402 3976 v:
2437 3911 2588 3996 Ipsa
2623 3914 2784 3993 quin
2812 3912 3016 3975 etiam
3032 3912 3388 3978 Vaillantii

3307 4007 3386 4070 In

1882 4100 2061 4175 hac,
2115 4120 2250 4183 quo
2311 4111 2616 4182 tempore
2669 4101 2868 4168 Titus
2948 4105 3085 4181 iam
3136 4103 3384 4164 dicitur

1881 4195 2263 4260 IMPerator
2289 4240 2308 4270 ‚
2361 4194 2792 4257 Domitianus
2833 4193 3215 4280 [impliciter
3238 4208 3384 4258 tan·

2895 4295 3144 4352 Verum
3196 4309 3378 4353 com·
3421 4333 3430 4342 -

294 4382 467 4470 fert,
519 4404 693 4467 quae
742 4385 881 4469 ipsa
914 4384 1099 4461 Titi,
1152 4395 1218 4447 et
1251 4383 1628 4447 Domitiani
1679 4401 1799 4444 no·
1875 4373 2095 4446 munis
2135 4383 2223 4448 est
2262 4384 2826 4469 chronologorum
2863 4384 3120 4470 opinio,
3149 4387 3379 4449 Titum

367 4590 427 4652 a)
458 4587 605 4649 Part.
638 4585 715 4641 11.
756 4605 809 4661 p.
854 4606 945 4645 νεα
984 4602 1037 4643 et
1081 4607 1188 4655 ¹⁴11
1508 4611 1541 4628 -
