4225 5450
1560 561 2235 648 TIBERIVS.

352 797 505 843 rum
548 774 718 840 illud
739 788 1058 848 marmor,
1111 771 1295 856 quod
1330 783 1619 853 exeunte
1650 771 1870 839 saecu-
1942 767 1946 773 ’

351 874 423 935 lo
466 870 804 956 superiore
842 867 1026 953 apud
1058 866 1381 931 Puteolos
1421 865 1724 930 effossum
1758 865 1873 949 est,

351 966 625 1031 Caesari
670 964 954 1027 Tiberio
994 962 1335 1039 dicatum,
1389 961 1566 1025 XIV.
1618 960 1870 1047 figuras

352 1059 718 1127 muliebres
755 1057 1032 1121 exbibet
1079 1078 1231 1121 cum
1276 1057 1653 1141 subscriptis
1690 1055 1870 1119 urbi-

352 1168 466 1220 um
492 1154 777 1218 totidem
796 1152 1237 1217 Asiaticarum
1258 1152 1664 1229 nominibus,
1699 1172 1874 1234 quae

356 1251 599 1315 eadem
636 1249 781 1311 sunt
820 1267 973 1311 cum
996 1248 1120 1329 iis,
1174 1267 1349 1330 quae
1383 1260 1717 1310 memorat
1735 1248 1873 1310 Ta·

330 1349 523 1431 ‚citus
557 1390 578 1421 ,
631 1344 887 1409 additis
928 1355 1283 1429 praeterea
1316 1343 1580 1428 Epheso
1604 1392 1625 1426 ‚
1678 1354 1746 1407 et
1766 1343 1874 1406 Ci-

356 1443 405 1509 b
491 1461 558 1505 a.
1756 1486 1771 1501 .

403 1461 568 1600 de
621 1534 1101 1620 explicandam
1161 1534 1437 1599 aversae
1510 1533 1876 1618 imaginem

280 1624 297 1631 ’
358 1631 1037 1696 commemorandum
1121 1634 1397 1694 omnino
1486 1630 1880 1713 Phlegontis

360 1726 695 1790 Tralliani
734 1722 1181 1790 testimonium
1210 1773 1229 1804 ,
1279 1722 1342 1807 ⁸)
1396 1729 1513 1811 qui
1559 1747 1643 1788 ex
1672 1723 1879 1810 Apol·

361 1822 554 1885 lonio
595 1820 827 1899 refert,
879 1821 1142 1886 Tiberii
1185 1833 1410 1893 aetate
1457 1823 1881 1908 complures,

362 1931 430 1981 et
460 1916 744 1981 illustres
788 1915 1010 1991 ,urbes
1088 1930 1502 1982 terraemotu
1605 1917 1826 1980 versas
1859 1963 1878 1995 ,

362 2033 549 2097 quas.
576 2011 849 2075 subinde
885 2015 1258 2098 imperator
1284 2012 1576 2100 propriis
1684 2013 1878 2096 mpti-

362 2110 491 2173 bus
522 2108 814 2184 refecit,
866 2128 995 2194 pro
1038 2129 1170 2192 quo
1222 2109 1552 2173 beneflcio
1592 2094 1878 2173 colossus

366 2206 432 2268 ei
465 2205 819 2267 dedicatus
876 2206 1140 2268 Romae
1182 2207 1248 2266 in
1307 2203 1463 2267 foro
1516 2209 1710 2286 juxta
1766 2222 1881 2265 ae·

362 2301 519 2362 dem
556 2300 835 2361 Veneris
857 2347 877 2378 ,
930 2299 1260 2365 adstitutis
1296 2300 1557 2362 urbium
1591 2297 1877 2382 singula·

362 2414 516 2457 rum
559 2393 951 2460 simulacris.
1067 2386 1269 2477 Quod
1318 2395 1576 2458 disertis
1647 2388 1877 2465 verbis

367 2489 1020 2576 enarrat-Phlegon,
1061 2491 1229 2553 illud
1278 2490 1489 2577 ipsum
1546 2493 1615 2552 in
1664 2490 1876 2553 citato

362 2604 709 2648 marmore
791 2585 1170 2650 Puteolano
1218 2585 1437 2649 oculis
1518 2578 1873 2659 videmus,

367 2682 557 2766 quod
587 2681 775 2745 haud
856 2682 1058 2746 dubie
1103 2681 1479 2746 secundum
1528 2680 1878 2764 exemplar

363 2780 754 2842 Romanum
790 2777 1112 2864 scalptum
1150 2777 1352 2841 fuerit
1379 2826 1399 2855 ,
1475 2789 1541 2841 et
1594 2779 1681 2842 ad
1767 2777 1880 2839 de·

360 2873 901 2959 praedicandam
942 2873 1705 2936 Tiberiffliberalitatem
1754 2873 1879 2932 Pu-

362 2967 569 3031 teolis
611 2951 1019 3030 dedicatum.
1122 2968 1499 3031 Colosseum
1550 2982 1775 3032 autem
1806 2967 1881 3029 il·

364 3063 486 3126 lud
542 3077 990 3125 memoratum
1046 3063 1397 3147 Phlegonti
1459 3063 1880 3127 simulacrum

362 3159 555 3224 haud
588 3160 864 3221 dubium
899 3160 1166 3221 videtur
1196 3158 1381 3221 fuisse
1406 3162 1655 3223 eodem
1672 3160 1879 3234 cultu,

368 3275 509 3339 quo
558 3257 629 3319 in
660 3255 1005 3340 praesente
1036 3274 1238 3316 numo
1276 3255 1592 3317 Tiberius
1631 3275 1879 3339 propo·

364 3353 568 3418 nitur.
663 3349 869 3412 Nihil.
900 3351 1033 3412 huc
1096 3347 1363 3412 confert
1408 3370 1705 3412 marmor
1754 3352 1879 3414 Pu·

364 3446 783 3522 molanum,
814 3448 999 3528 cujus
1037 3458 1297 3508 tantum
1349 3445 1522 3508 basis
1558 3445 1880 3528 superest,

366 3540 552 3628 signo
573 3589 592 3617 ,
640 3542 831 3624 'quod
863 3543 926 3603 ei
960 3541 1354 3604 imminuisse
1386 3540 1743 3604 verisimile
1769 3539 1882 3619 est,

364 3648 756 3722 temporum
801 3636 1041 3717 injuria
1071 3636 1445 3720 deperdito.
1545 3636 1652 3698 De
1685 3637 1880 3720 hujus

364 3734 786 3796 monumenti
811 3731 1424 3796 Puteolani-forma
1443 3777 1464 3813 ,
1517 3746 1583 3796 et
1615 3732 1911 3796 erudito.-

368 3841 769 3914 argumento
802 3830 913 3910 qui
950 3829 1149 3912 plura
1185 3828 1362 3891 nosl'e
1398 3829 1626 3915 cupiet
1648 3875 1666 3906 ,
1723 3829 1881 3890 ade»

366 3937 449 3988 at
483 3924 821 4009 prolixam
869 3925 953 3986 de
993 3943 1093 3986 eo·
1130 3922 1480 3986 Laurentii
1547 3922 1891 3987 Gronovii-

3345 602 3475 667 193
3555 670 3566 681 ,

2034 768 2436 835 ‘simulacro
2476 769 2634 857 ipsi,
2685 781 2760 834 ut
2802 770 2970 835 illud
2990 769 3190 836 offert
3216 793 3488 859 numus,

1960 865 2130 930 nihil
2175 886 2303 949 pro
2342 867 2709 952 praesente,
2766 879 2835 931 et
2880 866 3233 933 manifesto
3267 874 3489 936 numi-

1959 982 2041 1024 ne
2086 958 2288 1027 deest.
2392 961 2642 1025 Adsunt
2683 975 2970 1045 patera,
3023 962 3254 1043 hasta,
3349 967 3491 1032 sca-

1962 1056 2239 1120 bellum.
2329 1057 2519 1142 ·Ergo
2568 1076 2717 1121 cum
2759 1061 2948 1139 ajunt
2987 1061 3272 1123 Tacitus
3311 1108 3332 1140 ,
3404 1083 3491 1126 ac

1962 1152 2366 1228 Suetonius,
2444 1146 2796 1217 Tib'erium
2859 1154 3154 1218 honores
3208 1157 3542 1265 divinos·

1962 1247 2339 1310 aversatum
2368 1294 2388 1323 ,
2442 1248 2512 1310 id
2546 1247 2725 1311 forte
2763 1248 2877 1311 sub
2938 1252 3080 1331 ejus
3145 1251 3488 1338 principa-

1960 1355 2069 1405 tus
2103 1343 2334 1420 initio,
2394 1356 2460 1405 et
2508 1345 2794 1409 necdum
2828 1345 2990 1408 satis
3023 1343 3221 1409 firmo
3267 1351 3488 1435 impe·

1961 1438 2066 1500 rio
2098 1442 2334 1501 verum
2372 1437 2617 1518 fuerit,
2684 1438 2888 1503 serius
2945 1440 3485 1526 magnificentius

1966 1534 2050 1596 de
2098 1532 2163 1596 s'e
2201 1532 2483 1611 senserit,
2535 1544 2657 1597 aut
2695 1533 2956 1614 saltem,
3009 1549 3083 1599 ut
3136 1556 3485 1623 nunquam

1969 1629 2221 1691 cultum
2259 1629 2610 1693 coelestem
2677 1649 2720 1692 a
2784 1630 2914 1692 suis
2976 1635 3318 1716 exegerit,
3387 1637 3489 1700 ita

1968 1743 2105 1787 non
2134 1722 2499 1799 obstiterit,
2569 1723 2610 1787 si
2687 1725 3071 1790 habebatur
3100 1773 3120 1803 ,
3199 1731 3483 1815 perinde

1969 1832 2176 1904 atque
2207 1821 2389 1884 idem
2433 1819 2547 1883 ille
2575 1818 2844 1905 Augusti
2870 1841 3114 1886 nomen
3149 1844 3282 1888 non
3308 1827 3485 1891 usur·

1965 1916 2218 2000 pabat,
2291 1916 2568 1979 audiens
2628 1927 2902 1994 tamen,
2979 1932 3099 1983 aut
3166 1920 3487 2007 scriptum

1964 2000 2196 2095 leg'ens
2240 2007 2528 2074 ferebat.
2581 2008 2640 2093 c)
2691 2010 2866 2075 Sane
2911 2033 3093 2079 anno
3165 2017 3483 2100 sequente

1967 2104 2263 2189 permisit
2313 2104 2469 2182 sibi,
2519 2125 2601 2168 ac
2662 2109 2864 2169 matri
2922 2109 3249 2195 templum
3299 2115 3489 2199 apud

1967 2200 2327 2285 Smyrnam
2379 2202 2725 2279 dedicari,
2776 2215 3063 2267 matrem
3129 2226 3296 2270 vero
3344 2229 3488 2273 om-

1964 2300 2033 2359 ni
2081 2299 2251 2360 deae
2282 2297 2460 2360 cultu
2505 2297 2924 2382 propositam
2954 2300 3249 2365 vidimus
3290 2303 3488 2389 supra

1963 2394 2032 2455 in
2072 2398 2213 2474 ejus
2253 2391 2580 2476 Augustae
2629 2395 2880 2456 numisr
3011 2410 3030 2421 ⁸

2060 2490 2350 2551 Videtur
2390 2487 2675 2552 colossus
2726 2489 2837 2553 hic
2881 2478 3290 2557 Tiberianus
3350 2494 3489 2560 hoc

1965 2585 2237 2647 demum
2271 2604 2448 2647 anno
2496 2582 2761 2660 finitus,
2813 2597 2882 2648 et
2949 2588 3346 2667 dedicatus,
3402 2611 3486 2656 ac

1964 2680 2243 2744 subinde
2281 2679 2501 2743 numis
2554 2680 2851 2744 insertus.
2972 2682 3192 2749 Video
3253 2698 3486 2753 tamen

1968 2778 2152 2862 apud
2195 2776 2585 2858 Belleyum,
2638 2767 2701 2858 Ἰ)
2774 2776 3349 2860 Mediobarbum,
3417 2796 3486 2847 et

1970 2874 2039 2934 in
2073 2873 2227 2934 aliis
2276 2871 2609 2957 catalogis
2663 2874 3031 2938 memorari
3103 2875 3257 2941 trib.
3295 2890 3485 2962 pote·

1972 2965 2204 3029 statem
2243 2967 2422 3029 XXI.
2464 2968 2683 3030 numis
2715 2965 2942 3031 similis
2977 2974 3354 3056 argumenti
3382 2975 3486 3037 in-

1970 3064 2327 3145 scriptam,
2381 3064 2555 3124 unde
2604 3062 3026 3146 sequeretur,
3097 3085 3496 3132 monumen·

1966 3171 2109 3221 tum
2146 3160 2314 3221 illud
2343 3157 2614 3220 biennio
2656 3156 2798 3243 post
2834 3178 2982 3223 eam
3016 3161 3481 3227 calamitatem

1970 3256 2408 3317 dedicatum.-
2452 3301 2456 3305 »
2498 3255 2576 3317 In
2610 3254 2930 3339 catalogo
2986 3258 3192 3320 musei
3241 3257 3481 3322 Caesa-

1966 3351 2066 3411 rei
2102 3349 2519 3433 typographi
2584 3337 2776 3435 lapsu
2852 3351 3172 3437 scriptum
3238 3353 3484 3441 legitur

1970 3446 2121 3509 ΤΒ.
2159 3444 2367 3509 ΡΟΤ.
2408 3444 2689 3508 XXIII..

2717 3540 2762 3574 §-

2542 3592 2576 3622 5
2894 3590 2928 3623 f

2262 3636 2382 3699 TI.
2426 3634 2801 3706 CAESAR.
2858 3636 3081 3704 DIVI.
3137 3639 3351 3706 AvG.
3400 3645 3508 3715 Εἴ.

2258 3730 2647 3796 AVGVST.
2730 3733 2807 3794 P.
2870 3734 2970 3796 M.
3054 3736 3201 3802 TR.
3271 3739 3512 3807 POT..

2263 3826 2590 3904 xxnu„
2642 3831 2709 3891 in
2738 3827 2978 3894 medio-.-
3046 3830 3113 3895 S.
3164 3830 3241 3897 C.

1966 3918 2264 3985 DIVVS.
2305 3920 2800 3988 AVGVSTVS.
2852 3925 3179 3998 PATER.
3246 3932 3488 4019 Augu-

363 4019 895 4085 diss'ertationem
930 4018 1241 4081 insertam
1279 4019 1504 4083 Tomo
1529 4020 1673 4084 VII.
1698 4019 1881 4081 The-,-
1945 4020 2086 4106 stus
2116 4020 2313 4099 capite
2368 4020 2621 4083 radiato
2679 4020 2901 4106 sedens
2941 4021 3004 4085 d.
3064 4034 3317 4091 extenta
3362 4043 3487 4093 ra..

362 4115 546 4180 sauri
589 4115 1073 4294 agtiquitatum
1128 4110 1525 4195 Gronovii,.
1553 4126 1621 4178 et
1668 4112 1883 4176 Belle-

359 4232 562 4298 yum.
692 4223 702 4232 ·

443 4453 501 4514 ι)
536 4446 606 4502 de
640 4447 757 4502 reb.
796 4448 988 4504 mirab.
1028 4469 1083 4505 c-
1121 4467 1211 4519 ¹3·-

367 4537 423 4572 ε.
460 4534 519 4588 p.
564 4533 691 4584 129,

469 4591 658 4678 (Vol.
718 4593 886 4678 VI.)

1390 4447 1451 4518 b)
1487 4447 1557 4502 Β.
1588 4446 1663 4501 1..
1697 4447 1770 4501 Τ.
1794 4447 2025 4503 XXIV.
2064 4465 2123 4519 p.
2168 4458 2298 4514 128..

1970 4135 2138 4275 1'1‘2'1'
2153 4112 2811 4294 ἰῗᾶἕξῗῖἃζῖῗω
2876 4135 3036 4196 ‘'⁶'’
3063 4119 3212 4183 ‘⁸¹'
3264 4123 3483 4209 ''W“

2481 4450 2534 4517 e)
2556 4446 2681 4503 ‚Dio
2717 4450 2798 4504 L.
2820 4448 3004 4504 LVII.
3044 4451 3076 4520 ς
3112 4460 3166 4514 8.

2950 4595 3008 4658 Β
3060 4596 3134 4659 b„

3341 4448 3400 4519 ιι)
3438 4452 3489 4505 1ae
