4225 5450
710 496 721 509 ·
793 444 924 558 ερὲς

791 648 997 740 numo
1035 666 1403 746 docemur,
1454 689 1499 732 a
1540 668 1607 736 S.
1641 669 1718 735 P.
1738 667 1823 752 Q.
1858 671 1943 736 R.
1980 669 2298 754 clypeum

789 764 1140 842 votivum,
1195 765 1428 847 quales
1469 766 1695 850 plures
1727 769 1795 827 in
1850 764 2121 848 Augusti
2155 786 2296 827 mo·

790 870 954 921 neta
1034 808 1368 934 vidimus,
1418 860 1806 923 alterutrius
1898 861 2297 942 provinciae

790 954 1064 1016 nomine
1092 951 1357 1016 Galbae
1395 953 1703 1017 oblatum
1742 956 2296 1095 dedicatumque.

1080 1048 1323 1113 Antica
1357 1054 1613 1113 incerta.

791 1141 1171 1207 TIBERIS.
1210 1144 1284 1205 P.
1328 1145 1429 1206 M.
1476 1144 1623 1206 TR.
1663 1144 1739 1207 Ρ.
1795 1141 1984 1207 COS.
2045 1143 2131 1205 11.
2190 1145 2298 1207 Ta·-

790 1235 1041 1303 bm‘mas
1083 1234 1254 1305 laam
1271 1241 1512 1326 sedens
1579 1240 1725 1306 AV.
1760 1237 2019 1321 (Catal.
2088 1240 2155 1301 d’
2172 1240 2299 1301 Eu·

789 1351 984 1415 nery.
989 1330 1020 1413 )

796 1480 807 1484 ,
885 1429 1140 1495 Vnicus
1180 1431 1291 1494 hic
1352 1428 1619 1494 Galbae
1691 1446 1931 1492 numus
1995 1426 2128 1505 est,
2182 1427 2297 1512 qui

787 1523 933 1604 ejus
984 1525 1399 1590 consulatum
1454 1537 1837 1600 memoret,
1907 1537 1975 1586 et
2024 1525 2299 1607 quidem

793 1616 1123 1693 alterum3
1175 1639 1334 1682 nam
1390 1621 1685 1704 primum
1737 1622 2044 1703 privatus
2100 1620 2303 1682 inivit

652 1742 661 1759 ι
792 1707 953 1773 teste
987 1714 1311 1778 Suetonio
1334 1760 1353 1790 ,
1407 1713 1693 1777 alterum
1725 1716 1880 1777 Kal.
1923 1714 2067 1782 Ian.
2102 1717 2186 1780 V.
2220 1712 2295 1775 C.

797 1817 978 1884 322,
1031 1810 1263 1873 caesus
1318 1809 1643 1872 contiuuo
1692 1807 1836 1893 post
1892 1809 2036 1871 dies
2087 1810 2299 1886 XV.·,

792 1900 973 1965 iutra
999 1924 1171 1987 quos
1194 1906 1372 1971 adeo
1407 1902 1799 1989 [iugularem
1819 1904 1997 1969 huuc
2027 1924 2302 1975 numum

792 1992 980 2061 feriri
1035 2001 1339 2085 contigit.
1490 1996 1708 2064 Causa
1755 1999 1930 2064 illati
1993 1998 2304 2063 Tiberini

662 2080 667 2093 ’
793 2091 963 2156 mihi
994 2095 1013 2157 i
1019 2108 1247 2181 gnota.

1328 2289 1402 2355 A
1413 2306 1456 2355 a
1472 2298 1501 2353 t
1512 2311 1551 2353 e
1564 2308 1608 2354 n
1622 2309 1657 2351 ο
1675 2306 1736 2350 m
1752 2289 1778 2350 i
1834 2282 1843 2293 ’

893 2381 1230 2453 Caumatis
1261 2384 1531 2453 Romani
1548 2431 1569 2459 ‚
1624 2381 1830 2449 Galba
1869 2385 2211 2465 imperante

1402 2482 1665 2568 signati.

885 2658 1162 2738 Exstant
1242 2670 1430 2734 numi
1493 2666 1876 2751 complures
1941 2667 2301 2730 commatis

789 2770 1088 2832 Romani
1119 2769 1377 2847 absque
1408 2759 1841 2846 imperatoris
1873 2765 2095 2844 capite
2115 2806 2133 2837 ,
2192 2761 2302 2825 vel

790 2860 1261 2943 inscriptione,
1314 2875 1485 2939 quos
1527 2867 1893 2939 propterea
1924 2863 2295 2941 nummus-1-

788 2972 916 3030 κως
951 2963 1320 3018 autonomos
1374 2949 1787 3035 compellare
1849 2943 2089 3027 liceat,
2180 2952 2294 3034 qui

2117 411 2576 548 GALBA.

2387 667 2530 733 OB.
2589 662 2840 736 CIVIS.
2884 669 3377 739 SERVATOS.
3411 671 3656 742 Corona
3687 676 3897 745 civica

2388 767 2529 831 AR.
2581 762 2966 847 (Morellil.
3003 764 3162 851 c.)

2405 914 2412 919 .
2485 862 2738 924 Omnes
2781 861 2915 923 hae
2953 832 3413 948 inscriptiones
3449 878 3517 927 et
3573 869 3722 951 typi
3777 868 3897 933 ob·

2387 955 2486 1019 vii
2522 956 2670 1018 sunt
2703 957 2775 1017 iu
2832 954 3098 1021 Galbae
3145 971 3444 1023 moneta.
3601 961 3900 1026 Fabrica

2391 1051 2599 1115 etiam
2640 1047 2807 1114 istud
2839 1053 2994 1114 aevi
3030 1052 3222 1136 sapit.

2481 1157 2490 1163 ·
2681 1146 3151 1210 LLBERTAS.
3189 1147 3741 1215 RESTITVTA.
3772 1152 3892 1219 Ca-

2674 1249 2798 1326 put
2825 1239 3111 1306 muliebre
3144 1242 3433 1321 velatum,
3484 1244 3571 1310 ad
3591 1249 3768 1331 quur
3779 1267 3896 1332 pe-

2613 1358 2624 1373 ·
2679 1347 2816 1401 ctus
2840 1338 3044 1420 spica.

2390 1429 2949 1496 CONCORDIA.
2989 1431 3225 1497 Mulier
3258 1434 3481 1520 fidens
3541 1437 3601 1501 d.
3645 1440 3894 1526 figm

2386 1527 2698 1603 militare,
2730 1527 2923 1612 saper
2959 1548 3080 1612 quo
3122 1550 3386 1612 porcus,
3438 1532 3498 1618 s
3542 1534 3887 1599 camma.

2389 1623 2533 1686 AR.
2588 1622 2795 1707 (Mus.
2850 1619 3081 1702 Caes.)

2676 1714 2910 1781 Eadem
2933 1716 3209 1801 adversa.

2387 1810 2659 1874 MARS.
2697 1809 3032 1876 VLTOR.
3085 1813 3276 1878 Mars
3302 1814 3639 1896 paludatus
3661 1817 3879 1903 stans,

2351 1907 2451 1972 «ά.
2479 1908 2729 1995 fignum
2759 1905 3050 1985 militar-,e
3082 1908 3140 1993 s
3171 1908 3453 1990 clypeum.
3509 1912 3651 1974 AR.
3707 1912 3886 1989 (Mo-

2390 2003 2541 2065 relli
2587 2002 2816 2066 incert.
2852 2000 3014 2063 fam.
3055 2003 3198 2070 tab.
3236 2001 3360 2084 11.)

2541 2136 2544 2141 ·
2686 2096 2914 2162 Eadem
2943 2096 3218 2186 aduersa.

2390 2191 2659 2258 MARS.
2722 2191 3229 2255 ADSERTOR.
3294 2194 3487 2258 Mars
3551 2194 3890 2276 paludatus

2362 2291 2550 2373 stans
2596 2289 2657 2354 d.
2693 2297 3053 2370 tropaeum,
3086 2287 3146 2374 s.
3186 2284 3467 2372 elypeum.
3520 2290 3664 2352 AR.
3697 2290 3886 2372 (Mo-

2388 2384 2623 2449 rellil.
2666 2402 2721 2445 c.
2762 2380 2905 2445 tab.
2941 2381 3094 2461 IV.)

2673 2479 2907 2543 Eadem
2942 2475 3216 2563 adversa.

2385 2574 2460 2638 S.
2497 2576 2571 2636 P.
2618 2574 2704 2654 Q·
2752 2573 2833 2634 R.
2873 2572 3225 2658 inscriptum
3259 2573 3490 2656 clypeo,
3539 2592 3715 2658 quem
3752 2592 3885 2638 am-

2383 2670 2475 2734 bit
2511 2688 2742 2735 corona
2771 2686 3027 2751 querna.
3080 2670 3222 2734 AV.
3271 2668 3649 2746 (Morellil.
3690 2667 3789 2754 c.)

2674 2760 3171 2824 HERCVLES.
3201 2761 3880 2844 ADSERTOR.Ca-

2663 2865 2782 2940 put
2815 2856 3104 2920 Herculis
3125 2857 3469 2922 laureatum
3526 2856 3880 2924 barbatum.

2379 2951 2889 3016 FLORENTE.
2931 2951 2988 3011 F
2992 2951 3391 3015 ORTVNA.
3434 2953 3611 3016 P.R.
3648 2953 3885 3017 Mulier

787 3048 1105 3111 suadente
1132 3060 1330 3133 typo,
1370 3059 1438 3109 et
1467 3045 1835 3132 epigraphe
1854 3045 2294 3131 Augustorum
2355 3051 2540 3135 stans
2571 3048 2633 3122 d,
2674 3066 2944 3121 ramum,
2980 3046 3037 3133 s
3078 3050 3514 3130 cornucopiam,
3548 3049 3689 3109 AR.
3742 3049 3883 3132 (Bi-

787 3161 965 3206 aevo
1003 3141 1134 3206 fine
1180 3142 1387 3205 dubio
1426 3141 1657 3227 signati
1735 3139 1899 3204 suut.

786 3256 925 3300 non
951 3256 1213 3321 paucos
1242 3241 1383 3319 jam
1430 3234 1730 3321 descripsi
1766 3237 1836 3298 in
1886 3237 2105 3300 numis
2160 3241 2295 3300 Au-

787 3328 951 3418 gusti
992 3333 1081 3394 ad
1116 3350 1330 3396 annos
1380 3335 1465 3395 V.
1512 3330 1589 3395 C.
1641 3342 1785 3413 734
1842 3341 1911 3393 et
1994 3344 2165 3411 7423
2219 3345 2294 3396 at

785 3425 932 3489 sunt
963 3427 1172 3491 etiam
1198 3427 1505 3491 nonnulli
1534 3422 1801 3488 Galbae
1824 3474 1844 3504 ‚
1898 3437 1965 3488 et
1992 3426 2288 3504 vitellii,

787 3534 992 3602 atque
1038 3524 1250 3586 etiam
1283 3522 1616 3599 aliorum,
1703 3539 1874 3601 quos
1942 3523 2070 3583 suis
2118 3521 2288 3585 locis

648 3655 661 3666 -
784 3613 1255 3683 describemus.
1356 3618 1435 3679 Id
1501 3635 1710 3702 genus
1760 3617 2000 3679 numos
2069 3615 2288 3679 habes

782 3708 1047 3794 affatim
1081 3715 1267 3798 apud
1286 3711 1674 3775 Morellium
1734 3712 1804 3773 iu
1865 3707 2135 3775 incertis
2185 3710 2286 3774 fa-

772 3804 1164 3886 miliarum,
1217 3819 1285 3870 et
1343 3808 1415 3868 iu
1486 3804 1821 3891 Catalogo
1907 3807 2284 3892 d’Euuery.

781 3899 889 3964 Ad
932 3897 1231 3964 Galbam
1279 3899 1616 3986 pertinent
1655 3899 2042 3983 sequentes-t

1070 3994 1278 4059 BON.
1322 3995 1651 4058 EVENT.
1708 3996 1911 4080 Caput
1973 3994 2282 4060 muliebre.

778 4089 1073 4157 ROMA.
1152 4088 1632 4153 RENASCES.
1699 4089 1903 4156 Roma
1977 4089 2288 4174 paludato

756 4188 940 4271 stans
999 4190 1061 4252 d.
1142 4184 1213 4253 V
1206 4184 1592 4264 “terrolam
1641 4186 1700 4273 s.
1789 4185 2037 4275 haylam.
2142 4187 2299 4251 AR..

782 4281 986 4361 (Mus.
1044 4279 1233 4345 Caes.
1272 4280 1545 4344 Morelli
1589 4283 1820 4345 incert.
1895 4279 2065 4342 fam.
2138 4278 2280 4343 tab.

777 4371 825 4431 Ι
817 4379 865 4450 ·)
1069 4470 1304 4536 Eadem
1330 4468 1604 4554 adversa.

2030 3141 2293 3206 Horum
2380 3145 2579 3206 mard
2613 3144 2700 3206 ad
2738 3141 2985 3204 Iobert.
3025 3143 3111 3204 T.
3148 3140 3199 3204 Ι.
3240 3160 3305 3222 p.
3343 3137 3537 3221 299.)

2473 3239 2577 3301 Ex
2643 3238 2894 3322 septem
2931 3237 3042 3298 hic
3083 3233 3423 3318 descriptis
3475 3237 3696 3299 nuruis
3747 3248 3881 3314 ter-

2377 3336 2509 3398 tius
2551 3353 2636 3396 ex
2695 3332 2919 3394 museo
2958 3329 3313 3406 Caesareo,
3355 3349 3500 3392 curn
3537 3332 3721 3414 quod
3743 3327 3878 3393 for-

2373 3441 2443 3492 te
2478 3430 2712 3492 unicus
2753 3424 2865 3504 est,
2917 3438 3057 3489 tum
3102 3435 3381 3508 propter
3414 3439 3879 3509 argumentum

2373 3522 2687 3586 illustrem
2737 3522 2962 3584 locum
3002 3531 3205 3581 tenet.
3308 3519 3462 3597 Ejus
3503 3538 3661 3603 pars
3684 3540 3877 3583 aver·

2373 3618 2443 3680 sa
2487 3613 2893 3698 Censor-diam
2942 3615 3291 3696 enunciat,
3361 3616 3543 3695 cujus
3609 3631 3878 3698 quoque

2374 3711 2751 3794 symbolum
2790 3707 2888 3771 est
2934 3710 3308 3790 caduceus,
3377 3727 3575 3792 quem
3641 3709 3879 3771 mulier

2373 3824 2577 3869 manu
2613 3814 2816 3870 tenet.
2913 3803 3205 3867 Indicari
3242 3822 3405 3866 vero
3443 3804 3875 3866 concordiam

2366 3899 2566 3984 ipsius
2603 3898 2991 3983 Hispaniae,
3044 3891 3246 3981 atque
3280 3912 3350 3961 ut
3379 3896 3729 3960 verisimile
3761 3896 3870 3974 est,

2369 3994 2658 4058 militum
2720 4013 2807 4056 ex
2862 3993 3174 4076 Hispanis
3235 3993 3754 4075 conscriptorum
3807 3993 3875 4054 in

2372 4087 2739 4154 deferendo
2778 4086 3042 4151 Galbae
3082 4087 3499 4173 principatu,
3547 4087 3869 4149 invictum

2370 4196 2836 4268 argumentum
2869 4181 3151 4266 praebet
3224 4182 3470 4267 signum
3528 4182 3872 4256 militare,

2371 4282 2476 4342 cui
2519 4279 2792 4362 superne
2827 4295 3067 4362 porcus
3102 4280 3427 4340 imminet.
3529 4276 3674 4338 Effe
3706 4225 3873 4337 istud

2368 4374 2625 4463 animal
2663 4374 2903 4456 insigne
2947 4372 3351 4480 Hispaniae,
3422 4371 3870 4456 comprobant

2368 4468 2553 4529 numi
2585 4469 2795 4551 gentis
2835 4466 3163 4546 Coeliae,
3233 4467 3299 4528 in
3345 4466 3586 4550 quibus
3642 4464 3866 4529 visunt
