4225 5450
796 540 897 615 4⁶

796 727 1056 816 ponent
1119 725 1417 806 referre,
1469 731 1744 811 quando
1832 727 1952 814 ipsi
2029 742 2307 815 patrata

676 844 679 847 ·
794 827 973 890 haec*
1014 827 1250 889 omnia
1286 825 1380 887 ad
1430 843 1677 891 annum
1732 827 1817 890 V.
1867 825 1945 894 C.
2001 845 2189 905 720,
2240 838 2309 889 et

797 932 979 985 recte
1014 921 1287 1003 quidem
1326 917 1648 983 referunt.
1747 922 1998 984 Verum
2029 920 2149 982 illo
2186 940 2310 983 an-

799 1036 891 1080 no
937 1015 1266 1078 Antonius
1336 1030 1557 1097 neque
1614 1013 1782 1091 fuit,
1853 1034 2070 1097 neque
2127 1017 2308 1077 adeo

799 1111 937 1175 dici
976 1109 1268 1192 amplius
1301 1112 1522 1192 potuit
1575 1107 1777 1176 COS..
1811 1109 2005 1177 DES.
2064 1110 2300 1174 ITER.

700 1236 707 1241 ·
795 1207 906 1269 sed
944 1203 1134 1269 COS.
1170 1204 1363 1267 DES.
1406 1203 1525 1267 111.
1575 1202 1585 1215 “
1623 1204 1895 1267 Necess'e
1941 1223 2101 1288 ergo
2166 1201 2254 1266 est
2281 1252 2303 1282 ‚

796 1300 1155 1364 denarium
1190 1295 1600 1381 praesentem
1639 1309 1757 1359 aut
1791 1319 2005 1375 anno,
2054 1300 2126 1361 in
2168 1318 2303 1382 quo

797 1395 1071 1474 sumuS,
1117 1404 1297 1472 718,
1363 1403 1481 1455 aut
1540 1395 1852 1477 proxime
1938 1394 2302 1478 sequente,

797 1501 979 1552 certe
1015 1500 1174 1551 ante
1217 1504 1354 1566 720
1396 1488 1714 1550 malleum
1749 1501 2126 1572 expertum.
2215 1494 2310 1551 At

793 1585 1121 1677 quoniam
1161 1593 1420 1658 tantum
1450 1582 1741 1661 aberat,
1808 1595 1882 1645 ut
1927 1584 2060 1647 hoc
2125 1602 2302 1646 anno

795 1679 1130 1743 Antonius
1162 1677 1521 1739 victoriam
1562 1676 1727 1739 fibi
1708 1697 1780 1740 ιιι
1806 1679 2125 1741 Armenia
2155 1697 2304 1762 par-

797 1788 943 1838 tam
980 1772 1191 1858 poss'et
1229 1789 1599 1857 arrogare,
1645 1786 1723 1834 ut
1770 1772 1978 1836 etiam
2027 1793 2070 1834 a
2142 1773 2301 1834 Par·

794 1870 1029 1946 thiae,
1080 1866 1490 1949 Mediaeque
1550 1866 1815 1952 regibus
1859 1868 2154 1948 undique
2192 1886 2303 1950 pe-

793 1965 999 2046 titus,
1051 1972 1259 2044 atque
1289 1960 1579 2027 obsess'us
1628 1962 1819 2025 velut
1864 1961 2306 2046 desperabun-

796 2059 925 2123 dus
964 2055 1377 2121 celebratum
1411 2055 1578 2119 illud
1633 2052 1688 2121 αἶ
1721 2078 1915 2141 μυριοι
1955 2055 2153 2140 saepe
2194 2074 2305 2119 co·

797 2165 1063 2238 geretur
1105 2149 1457 2234 proferre,
1507 2170 1589 2214 ac
1629 2141 1919 2234 denique
1953 2171 2151 2236 aegre
2188 2151 2304 2213 ad-

794 2249 1077 2321 modum
1132 2246 1393 2309 amissis
1430 2247 1669 2330 viginti
1706 2248 1971 2309 suorum
2007 2245 2305 2309 millibus

795 2342 927 2406 sese
959 2343 1361 2428 explicaret,
1410 2343 1677 2405 videtur
1712 2343 1867 2407 sane
1902 2344 2304 2405 Armeniaco

797 2438 932 2502 hoc
975 2451 1147 2523 typo
1190 2439 1331 2499 sola
1376 2440 1446 2499 in
1498 2439 1899 2499 Armeniam
1944 2435 2077 2497 hoc
2127 2451 2306 2497 anno

799 2535 1101 2621 suscepta
1137 2532 1482 2617 expeditio
1516 2530 1837 2594 indicari.⁴

1549 2624 1577 2656 η.

1368 2674 1399 2704 an
1725 2671 1755 2702 n
2202 2678 2206 2684 ·

1091 2719 1309 2783 ANT.
1391 2715 1730 2782 AVGVR.
1787 2710 1923 2804 (vel
1996 2712 2308 2799 AVGV.)

1092 2814 1373 2876 IIIVIR.
1422 2814 1501 2876 R.
1546 2813 1619 2875 P.
1674 2810 1751 2879 C.
1802 2813 2005 2899 Caput
2054 2813 2305 2878 nudum.

796 2912 987 2976 IMP.
1029 2909 1094 2970 -T
1097 2908 1239 2972 ER
1300 2910 1681 2994 Tropaeum,
1734 2907 1904 2974 humi
1937 2914 2059 2974 duo
2092 2900 2308 2993 clypei,

798 3009 897 3074 vel
928 3006 1168 3091 clypeus
1228 3025 1427 3086 unus,
1480 3014 1540 3068 et
1584 3024 1811 3088 prora
1853 3007 2058 3071 navis.
2156 3007 2304 3069 AR.

802 3102 1017 3187 (Mus.
1056 3098 1277 3180 Caes.)

788 3223 793 3230 ⁴
894 3197 1160 3258 Incerta
1183 3192 1493 3268 victoria,
1548 3213 1723 3277 quae
1757 3205 2113 3277 tropaeum
2139 3190 2304 3255 istud

802 3289 1080 3365 extulit,
1134 3303 1202 3352 et
1237 3309 1322 3351 ex
1355 3309 1490 3372 qua
1532 3286 1883 3352 verifimile
1918 3286 2046 3371 est,
2097 3293 2303 3351 Anto-

797 3388 914 3452 nio
958 3385 1147 3448 IMP.
1166 3385 1371 3447 TER.
1403 3385 1669 3447 titulum
1711 3372 1999 3467 partum.
2100 3383 2307 3446 Forte

798 3494 1079 3568 propter
1114 3479 1313 3545 navis
1363 3498 1641 3564 proram
1701 3478 2139 3562 intelligenda
2192 3497 2305 3540 na-

796 3578 974 3642 valis
1014 3573 1097 3637 de
1144 3576 1297 3640 Sex.
1330 3574 1660 3658 Pompeio
1719 3573 2050 3651 victoria,
2122 3577 2305 3652 cujus

798 3675 1002 3736 etiam
1041 3674 1380 3755 particeps
1424 3668 1549 3730 fuit
1587 3667 1794 3729 missis
1826 3670 1911 3731 ad
1944 3669 2009 3730 id
2056 3669 2304 3731 bellum

798 3764 1287 3832 navibus.1n
1348 3765 1578 3827 antica
1614 3764 1793 3823 numi
1847 3763 2073 3825 similis
2123 3767 2306 3849 apud

798 3862 1100 3926 Vrsinum
1146 3861 1453 3944 leguntur
1476 3859 1654 3920 tituli
1692 3856 1874 3920 IMP.
1911 3860 2124 3922 ANT.
2157 3863 2304 3922 AV·

800 3953 1005 4022 GVR.
1060 3955 1341 4020 111v1R.
1379 3953 1455 4015 R.
1486 3951 1556 4013 P.
1580 3950 1658 4014 C.
1758 3951 2146 4039 Epigraphe
2192 3954 2306 4016 sin·

688 4055 695 4072 ¹
796 4055 1052 4139 gularis
1096 4062 1374 4137 propter
1394 4045 1838 4132 praepoiitum
1884 4047 2068 4110 IMP.
2107 4047 2305 4112 inflat

795 4147 1296 4235 praenominis,
1350 4146 1433 4206 de
1485 4163 1619 4226 quo
1698 4143 1904 4204 modo
1983 4143 2305 4207 insolente

795 4264 1071 4330 agemus
1119 4239 1298 4305 infra
1351 4237 1468 4300 sub
1509 4236 1706 4300 titulo
1744 4240 2161 4321 §superatori-5.

1540 4332 1571 4364 t

904 4540 958 4605 a)
999 4541 1191 4594 Maffei
1226 4543 1368 4598 Mus.
1412 4544 1621 4598 Veron.
1656 4555 1715 4613 p.
1755 4543 1870 4610 ¹5⁶.-

2030 4543 2087 4611 b)
2125 4542 2350 4604 Reines.
2388 4543 2469 4596 Cl.
2503 4540 2695 4598 XHX.
2732 4561 2788 4597 n.
2822 4564 2914 4614 3ο.

1872 528 1993 605 Μ.
2090 498 2810 610 ANAomx‘rs,

2676 729 2777 792 M.
2813 727 3303 793 ANTONIVS.
3344 727 3441 792 M.
3484 725 3564 790 F.
3638 728 3739 792 M.
3801 727 3893 798 N.

2590 832 2636 911 f
2674 821 3012 888 AVGVR.
3093 823 3280 887 IMP.
3358 822 3639 890 TURT.
3691 823 3900 910 Caput

2628 969 2632 973 .
2674 919 2929 983 nudum.

2389 1014 2579 1083 COS.
2619 1011 2923 1078 DuslG.
2967 1012 3224 1077 ITIIR.
3262 1012 3416 1075 11T.
3454 1012 3733 1075 TIIRT.
3767 1012 3894 1076 111-

2385 1110 2565 1173 VIR.
2611 1110 2696 1173 R.
2745 1109 2819 1174 P.
2873 1107 2951 1173 C.
3008 1107 3210 1192 Caput
3260 1105 3551 1172 muliebre
3589 1108 3898 1191 colligatis

2383 1213 2556 1271 retro
2586 1206 2658 1267 in
2684 1201 2910 1268 dodum
2946 1201 3254 1269 mnibus.
3298 1205 3442 1266 AV.
3471 1242 3486 1252 ·

2479 1297 2804 1361 Illustrem
2849 1299 3025 1362 hunc
3062 1316 3338 1363 numum
3379 1316 3464 1361 ex
3507 1295 3729 1360 museo
3757 1300 3896 1360 An·-

2384 1396 2557 1459 tonii
2584 1395 2645 1456 le
2684 1393 2847 1456 Froi
2886 1393 3084 1478 Angli
3129 1392 3412 1476 protulit
3429 1392 3779 1478 Philippus
3809 1394 3898 1456 de

2386 1490 2670 1554 Venutis
2707 1490 2776 1552 in
2835 1488 3064 1574 opella
3125 1486 3408 1550 Liburni
3470 1488 3673 1553 edita.
3775 1488 3934 1551 Vir·

2386 1574 2694 1649 eruditus
2733 1585 2802 1646 in
2843 1582 3102 1668 postica
3133 1583 3421 1666 proponi
3455 1580 3902 1665 Cleopatram

2386 1680 2633 1743 adserit
2656 1725 2690 1753 ,ἢ
2743 1679 3014 1741 mallem
3090 1677 3453 1739 Octaviam
3535 1672 3898 1738 secuudum

2388 1795 2516 1851 ea,
2569 1792 2746 1859 quae
2786 1771 2964 1834 infra
3005 1773 3071 1832 in
3125 1772 3341 1833 numis
3399 1772 3627 1834 aeneis
3687 1790 3896 1855 prae-

2385 1868 2718 1931 fectorum
2754 1867 3027 1932 Antonii
3057 1866 3388 1929 disseram.
3443 1864 3720 1930 Adverti
3750 1884 3898 1927 me-

2386 1976 2573 2029 retur
2606 1965 2692 2025 ad
2734 1964 3135 2026 elementum
3171 1958 3249 2023 11·
3275 1959 3558 2047 politum
3595 1958 3906 2025 confian-

2363 2073 2490 2123 ‘ter
2524 2078 2648 2145 pro
2690 2060 2766 2123 E.
2866 2061 3163 2121 Venutus
3197 2057 3372 2118 hanc
3417 2059 3555 2134 ejus
3600 2053 3901 2117 formam
3979 2080 3990 2093 ·

2387 2158 2458 2219 in
2494 2154 2798 2239 pluribus
2843 2150 3300 2215 marmoribus
3337 2149 3744 2225 observavit,
3762 2147 3844 2211 fic
3871 2170 3892 2210 ε
3923 2220 3932 2226 ,

2388 2248 2876 2313 PARIINTIIS
2923 2266 3049 2331 pro
3088 2244 3599 2320 PARENTES,
3633 2242 3695 2327 ⁸)
3744 2243 3900 2306 BII.

2390 2345 2541 2407 Nn.
2594 2342 3035 2407 MIIRllNTI
3093 2359 3215 2425 pro
3256 2338 3513 2405 BENE.
3550 2336 3900 2403 MEREN·

2391 2439 2511 2502 TI.
2564 2426 2632 2516 ι’)
2689 2438 2863 2500 Addi
2897 2437 3160 2522 possunt
3190 2434 3382 2517 plura
3426 2435 3565 2497 alia
3597 2454 3681 2497 ex
3725 2433 3899 2517 indi-

2391 2551 2469 2594 ce
2504 2530 2771 2594 Gruteri
2812 2552 2966 2615 pag.
3013 2528 3373 2593 LXXXIX.
3495 2528 3694 2594 Addo
3735 2546 3892 2612 pro·
3921 2549 3934 2557 ·

2389 2628 2545 2711 pius
2581 2625 3091 2709 exemplumex
3127 2624 3368 2703 numis,
3406 2644 3688 2710 quorum
3712 2642 3896 2687 com·

2391 2721 2655 2806 plura,
2709 2724 2913 2785 etiam
2976 2722 3330 2797 denarios,
3401 2718 3753 2785 Motellius
3823 2719 3898 2780 in

2391 2830 2587 2904 gente
2625 2816 2879 2881 Carifia
2912 2818 3218 2901 vulgavit
3244 2863 3265 2894 ,
3318 2816 3592 2899 suntque
3651 2813 3897 2876 similes

2391 2915 2457 2976 in
2499 2914 2722 2976 museo
2772 2911 3101 2976 Caesareo
3133 2958 3151 2986 ‚
3206 2915 3320 2994 qui
3374 2908 3664 2973 offerunt
3738 2907 3896 2970 scri-

2391 3022 2580 3094 ptum
2616 3007 3047 3072 IIMllRITA
3070 3026 3190 3093 pro
3212 3006 3626 3069 EMERITA
3649 3051 3669 3082 ,
3721 3023 3906 3088 quae

2389 3102 2520 3166 fuit
2569 3103 2932 3186 Hispaniae
2969 3105 3150 3167 urbs.
3253 3104 3450 3166 Addo
3490 3101 3776 3185 denique
3819 3097 3900 3161 il-

2391 3195 2584 3261 lustre
2620 3197 3003 3280 exemplum
3046 3218 3130 3259 ex
3177 3217 3556 3280 marmore,
3609 3195 3790 3279 quod
3830 3214 3900 3257 e-

2391 3291 2561 3354 didit
2610 3291 2966 3356 Maffeius:
3020 3289 3079 3371 c)

2487 3389 2620 3452 Tu
2657 3388 2909 3451 LAPIS
2945 3385 3436 3450 OPTIISTOR
3481 3384 3900 3464 LIIVlTlIR.

2497 3543 2502 3549 .
2740 3483 3032 3546 SVPIIR
3056 3482 3272 3546 OSSA
3294 3480 3702 3543 RllSIDAS.

2391 3582 2613 3661 Atque
2649 3576 2818 3640 haec
2856 3577 3182 3639 scribendi
3216 3576 3326 3639 lex
3366 3575 3663 3638 barbara
3709 3576 3898 3639 vide·

2391 3677 2446 3734 ri
2490 3673 2740 3756 possit,
2794 3685 2861 3734 et
2907 3673 3139 3754 sapere
3187 3671 3299 3733 vel
3335 3669 3716 3754 Hispanos,
3783 3670 3916 3733 vel-

2393 3770 2769 3852 Ae'gyptios
2795 3768 3063 3851 linguae
3096 3769 3449 3829 Romanae
3493 3768 3715 3833 rudes.
3765 3755 3895 3828 Ve-

2389 3882 2539 3924 rum
2574 3860 2829 3925 exstant
2882 3863 3341 3954 inscriptiones
3406 3863 3473 3925 in
3523 3862 3670 3947 ipsa
3731 3860 3901 3925 urbe

2393 3967 2756 4031 exaratae,
2806 3975 2938 4019 non
2983 3958 3254 4040 quidem
3304 3959 3710 4020 auctoritate
3770 3977 3897 4041 pu-

2395 4052 2613 4129 blica,
2665 4052 2771 4114 se‘d
2813 4053 3098 4136 privatis
3135 4052 3584 4140 dictantibus,
3635 4054 3703 4113 in
3753 4053 3898 4134 qui·

2392 4147 2514 4211 bus
2566 4149 2844 4212 obvium
2883 4145 2969 4210 est
3011 4147 3074 4209 11
3110 4166 3236 4257 pro
3289 4147 3365 4210 E.
3467 4147 3576 4209 Sic
3663 4146 3729 4207 in
3779 4166 3903 4210 co-

2390 4245 2591 4327 piofis
2607 4247 2806 4305 urnis
2847 4245 3191 4305 cinerariis
3254 4262 3465 4325 prope
3505 4241 3848 4302 Romam
3828 4261 3900 4304 m

2391 4340 2506 4401 via
2551 4341 2769 4424 Appia
2805 4323 3038 4418 erutis,
3076 4357 3246 4422 quas
3285 4338 3647 4420 descriptas
3687 4335 3906 4413 babes

3086 4547 3137 4610 c)
3176 4542 3322 4605 Mus.
3359 4544 3567 4601 Veron.
3601 4565 3661 4621 p.
3698 4557 3820 4620 258.
3852 4561 3916 4616 ³·
