4225 5450
1903 548 2967 663 PnAnrATro

876 754 1005 849 qui
1048 751 1444 839 aversam,
1499 770 1701 846 quae
1744 752 1993 846 patris
2035 747 2173 840 est,
2224 742 2396 823 filio?
2455 747 2968 839 adfi‘nxerint,
3009 744 3155 822 'aut
3210 748 3422 846 quod
3496 769 3634 820 eos
3703 770 3986 821 omnes
4094 767 4098 771 ·

876 884 1022 959 effe
1048 866 1057 877 ’
1069 891 1319 983 patris
1360 885 1712 981 Philippi
1752 883 2105 982 putavit,
2158 883 2281 956 etsi
2335 881 2590 957 facies
2616 883 3040 976 juvenilior
3080 883 3378 956 nullum
3420 882 3818 978 relinquat
3849 883 3989 955 du-

874 1021 1137 1108 bium,
1188 1019 1330 1095 filii
1364 1022 1443 1091 in
1478 1023 1856 1116 iis-caput
1901 1016 2046 1091 ess'e
2079 1016 2596 1119 propositum.-
2685 1015 2930 1090 Addo
2977 1027 3368 1106 veterem,
3418 1013 3844 1115 justamque
3903 1040 3984 1090 e-

870 1155 1307 1227 ruditorum
1345 1154 1876 1251 querelam,in
1913 1177 2010 1226 eo
2050 1154 2422 1251 catalogo
2463 1153 2949 1224 mentionem
2980 1152 3298 1249 quidem
3327 1150 3630 1224 metalli
3653 1149 3983 1243 factam,

871 1301 953 1362 at
1018 1286 1369 1362 omissam
1410 1288 1625 1362 fuiss'e
1679 1313 1898 1376 eam,
1950 1311 2155 1384 quae
2205 1310 2622 1362 numorum
2663 1286 3237 1386 magnitudines
3274 1287 3737 1384 explicaret,
3787 1314 4000 1386 qua·-

865 1449 1040 1500 rum
1074 1439 1340 1499 tamen
1396 1426 1820 1513 indicium,
1868 1427 2301 1522 praecipue
2337 1426 2416 1496 in
2455 1434 2782 1495 moneta
2824 1443 3118 1509 aenea,
3169 1421 3280 1494 ad
3322 1425 3584 1497 varias
3613 1448 3744 1499 res
3789 1448 3975 1528 cog-

865 1561 1299 1635 noscendas
1338 1582 1670 1660 magnas
1734 1557 2000 1633 adfert
2035 1559 2705 1657 opportunitates.
2857 1614 2868 1625 .

1062 1830 1326 1906 Mu'lta
1360 1827 1619 1903 adhuc
1654 1830 1994 1904 dicenda
2030 1828 2290 1903 forent
2326 1828 2427 1902 de
2464 1824 2923 1927 sphalmatis
2953 1828 3245 1927 passim
3282 1827 3584 1922 obviis,
3638 1857 3971 1933 quorum

863 1989 1158 2068 magna
1196 1988 1388 2065 pars
1420 1988 1578 2038 non
1617 1977 1934 2064 poterat
1974 1967 2103 2039 niii
2142 1963 2246 2038 ab
2290 1964 2638 2037 auctoris
2671 1960 3188 2055 festinatione,
3241 1979 3609 2067 et.opera
3651 1976 3963 2073 pei-fun-

866 2103 1117 2174 ctoria
1155 2096 1565 2197 proficisci.
1661 2098 1805 2173 Ait
1836 2125 1913 2178 v.
1959 2124 2068 2192 c.,
2122 2099 2243 2180 Μ.
2279 2097 2718 2173 Antonium
2776 2097 3072 2173 dictum
3113 2100 3330 2176 fuiss'e
3397 2106 3968 2205 imperatorem

840 2235 1106 2309 -allaco
1142 2229 1223 2308 i'n
1260 2229 1509 2306 urbem
1564 2232 1949 2309 Catilinae
2010 2236 2262 2333 capite
2277 2288 2298 2320 ‚
2352 2234 2696 2327 citatque
2755 2234 2917 2326 ejus
2961 2232 3231 2311 testem
3297 2239 3667 2322 Dionem.
3717 2245 3966 2347 (Pag.

872 2381 1007 2458 14.)
1059 2369 1365 2442 Verum
1397 2366 1561 2442 Dio
1602 2369 1838 2470 longe
1883 2370 2101 2442 aliud
2144 2370 2420 2454 docet,
2474 2379 2555 2439 ut
2591 2365 2946 2452 dicemus
3002 2372 3086 2441 in
3136 2373 3297 2464 ejus
3346 2374 3614 2449 Illviri
3670 2386 3964 2454 numis.

858 2508 1035 2595 Ait,
1084 2503 1318 2603 (Pag.
1353 2502 1519 2591 63.)
1569 2502 1989 2576 Tiberium
2024 2482 2631 2574 statim'mortuo
2679 2496 3026 2596 Augusto
3061 2501 3355 2577 dictum
3389 2503 3600 2583 fuiss'e
3654 2526 3968 2612 patrem

846 2645 1215 2744 patriae,
1268 2635 1480 2736 qnod
1519 2631 1622 2706 ab
1678 2658 1783 2707 eo
1806 2634 2177 2734 scriptum
2221 2645 2444 2707 tanto
2498 2633 2755 2732 magis
2814 2629 3038 2705 lubet
3093 2639 3409 2728 mirari,
3476 2667 3635 2719 non
3707 2654 3963 2730 modo

860 2777 1072 2875 qued
1127 2786 1488 2848 auctores
1531 2793 1807 2843 omnes
1848 2768 2333 2872 conspirant,
2386 2793 2440 2844 a
2481 2768 2817 2862 Tiberio
2883 2768 3094 2846 hunc
3149 2771 3539 2852 honorem
3605 2783 3960 2863 constan·

855 2929 978 2989 ter
1015 2909 1226 2988 fuiss'e
1262 2907 1808 3004 repudiatum,
1856 2904 1989 2978 sed
2026 2907 2268 2979 etiam
2318 2906 2532 3002 quod
2571 2907 2736 3007 ipse
2765 2908 3070 2982 nullum
3134 2912 3757 3008 repraesentavit
3817 2947 3959 3001 nu.-

857 3073 1113 3137 mum‚
1162 3049 1242 3119 in
1284 3066 1437 3141 quo
1485 3039 1859 3114 Tiberius
1896 3039 1983 3114 P.
2022 3039 2111 3120 Ρ.
2145 3039 2716 3139 appellaretur.
2811 3044 2988 3133 Ait,
3061 3043 3278 3146 (Pag.
3319 3043 3479 3137 64.)
3530 3051 3956 3135 Tiberium
4023 3031 4038 3044 ³

857 3187 962 3261 V.
1011 3177 1097 3257 C.
1137 3182 1280 3276 769
1322 3181 1893 3275 imperatorem
1939 3173 2160 3250 VIII.
2199 3175 2304 3250 ab
2344 3178 2695 3251 exercitu
2728 3175 2943 3256 fuiffe
3002 3177 3459 3275 salutatum,
3525 3200 3605 3260 et
3675 3203 3956 3268 tamen

858 3343 1004 3422 per
1045 3318 1315 3416 plures,
1370 3313 1753 3410 deinceps
1801 3311 2061 3386 adhuc
2103 3335 2353 3386 annos
2408 3312 2715 3410 profert
2753 3336 3036 3389 numos
3054 3315 3467 3414 inscriptos
3509 3317 3735 3397 lMP.
3768 3323 3956 3403 v11.

691 3544 709 3557 ,
854 3447 1037 3540 Ait,
1092 3453 1321 3552 (Pag.
1370 3450 1566 3542 151.)
1617 3445 2053 3542 Traianum
2097 3448 2198 3523 V.
2237 3445 2328 3570 C?
2372 3449 2529 3545 956
2553 3451 2779 3563 (lege,
2825 3451 3020 3542 856.)
3073 3451 3369 3523 dictum
3435 3450 3651 3528 fuiss'e
3722 3455 3959 3537 Daci.

810 3613 1061 3680 -cum,
1114 3600 1192 3660 et
1241 3585 1510 3659 tam'en
1552 3586 1719 3680 Jam
1752 3587 1855 3659 ad
1910 3584 2010 3657 V.
2055 3580 2349 3678 (1.1853
2400 3585 2791 3685 descripfit
2836 3609 3157 3677 numos,
3207 3589 3290 3659 in
3334 3586 3615 3684 quibus
3652 3591 3722 3665 is
3762 3593 3958 3671 dici-

813 3740 977 3800 ·tur
1024 3720 1272 3798 GER.
1314 3718 1576 3796 DAC.
1672 3720 1888 3802 Nolo
1931 3721 2332 3804 cumulare
2378 3722 2797 3820 exempla,
2852 3743 3188 3819 quorum
3237 3720 3503 3818 justum
3533 3687 3952 3805 numerum

852 3866 932 3936 in
970 3856 1465 3957 sequentibus
1512 3857 2099 3930 commentariis
2142 3855 2555 3948 dabimus,
2607 3872 2840 3955 atque
2907 3854 3099 3928 istud
3157 3855 3261 3932 ad
3307 3853 3686 3935 hactenus
3735 3864 3954 3940 dicta

846 3969 1235 4102 ⁴addidiss'e
1273 3991 1644 4078 sufficiat,
1696 3991 2149 4091 catalogum
2183 3992 2426 4078 hunc,
2477 4005 2559 4065 ut
2605 4017 2655 4065 a
2685 3988 3227 4065 Mediobarbo
3270 3989 3636 4091 vulgatus
3676 3997 3949 4091 exstat,

856 4157 1014 4210 non
1060 4130 1303 4206 modo
1351 4127 1575 4211 illos,
1628 4125 1904 4224 quinti
1942 4124 2253 4215 volunt,
2300 4130 2383 4198 in
2421 4129 2607 4202 avia
2642 4127 2971 4218 ducere,
3020 4124 3154 4198 sed
3192 4138 3273 4198 et
3294 4137 3949 4229 magnopereim.

851 4266 1157 4366 pedire.
1259 4257 1504 4360 Quod
1557 4259 1603 4335 fi
1658 4259 1947 4360 Pagius
1981 4262 2062 4332 in
2101 4259 2232 4332 sua
2273 4259 2601 4366 Bai-onii
2647 4259 2947 4338 Critica
2976 4287 3135 4337 non
3182 4286 3368 4337 raro
3407 4269 3733 4361 quaevis
3786 4271 3950 4344 alia

850 4401 1369 4478 monumenta
1404 4417 1821 4471 numerum
1861 4395 2310 4468 auctoritati
2354 4394 2872 4471 anteferenda
2921 4401 3233 4496 putavit
3262 4453 3286 4489 ,
3337 4398 3440 4473 ad
3477 4396 3671 4476 istud
3715 4401 3793 4476 se
3839 4408 3943 4502 ju·

859 4534 1149 4610 dicium
1180 4529 1642 4606 necessitate
1693 4528 2180 4631 compulsum
2219 4528 2419 4608 vidit
2449 4586 2470 4619 ,
2540 4532 2723 4629 quia
2781 4530 3024 4607 alios.
3068 4558 3352 4612 numos
3401 4540 3490 4613 in
3541 4537 3939 4616 confilium
