4225 5450
1236 1522 2615 1634 PRAEFATIO.

334 1956 657 2139 Rem
687 2057 1224 2136 monetariam
1253 2054 1577 2158 imperii
1610 2052 1967 2134 Romani
2006 2055 2424 2157 explicare
2455 2053 2923 2161 aggredior,
2971 2080 3131 2160 quo
3173 2059 3485 2142 nullum

202 2180 209 2185 ’
338 2191 732 2271 hactenus
770 2194 990 2272 orbis
1049 2193 1259 2271 vidit
1319 2191 1764 2296 augustius,
1841 2193 2150 2268 nullum
2184 2193 2457 2269 famae
2521 2197 2781 2298 magis
2842 2212 3268 2295 porrectae
3293 2254 3319 2290 ,
3398 2216 3483 2280 et

344 2331 702 2432 quadam
730 2335 1079 2409 nominis
1121 2329 1660 2435 superstitione
1696 2331 1959 2431 magis
1996 2326 2573 2407 consecratum.
2693 2331 3022 2407 Tamen
3088 2337 3483 2436 amplissi-

333 2492 558 2546 mum
585 2469 785 2549 istud
818 2474 1192 2549 meritum
1234 2495 1523 2572 parum
1555 2467 1665 2545 ad
1704 2464 2130 2543 institutum
2167 2488 2440 2541 meum
2471 2468 2951 2566 pertineret,
3000 2472 3178 2568 nifi,
3230 2501 3485 2576 quan-

328 2620 502 2687 tum
528 2614 810 2690 vetera
836 2614 1193 2716 ,imperia
1242 2609 1577 2689 excessit
1612 2611 1981 2711 potentia
2030 2618 2113 2681 et
2147 2590 2550 2703 majestate
2574 2660 2598 2694 ,
2646 2619 2958 2685 tantum
3015 2614 3266 2690 etiam
3304 2639 3484 2692 mo-

330 2762 568 2842 netae
604 2748 1022 2851 superstitis
1054 2766 1137 2834 et
1180 2755 1445 2852 copia,
1497 2764 1580 2826 et
1608 2725 2116 2851 praestantia,
2166 2759 2248 2822 et
2277 2751 2673 2826 varietate
2713 2753 3083 2835 anteiret.
3178 2752 3479 2832 Mone-

327 2898 463 2963 tae
513 2888 959 2967 consularis
981 2890 1287 2968 tametfi
1323 2887 1821 2967 incredibilis
1863 2909 2240 2963 numerus
2276 2887 2384 2963 ad
2419 2884 2768 2963 nostram
2819 2911 3068 2991 usque
3119 2905 3478 2972 aetatem

330 3021 676 3119 duravit,
722 3040 994 3105 tamen
1011 3051 1301 3131 parum
1332 3027 1478 3104 illo
1506 3024 1995 3108 satisfactum
2023 3022 2258 3100 nobis
2280 3039 2677 3125 putamus.
2775 3025 3185 3132 Principio
3216 3025 3476 3109 solum

327 3185 470 3237 aes
502 3161 611 3242 acl
644 3166 1023 3245 incu'dem
1048 3180 1469 3261 vocatum,
1520 3168 1829 3270 argenti
1872 3129 2001 3241 usu
2036 3165 2341 3280 nonnisi
2388 3165 2562 3241 sero
2620 3167 2984 3254 invecto,
3051 3171 3227 3244 auri
3295 3168 3472 3247 fere

322 3304 646 3410 ignoto,
698 3306 926 3384 nulla
962 3319 1134 3383 tum
1174 3302 1437 3381 adhuc
1480 3307 1566 3381 in
1606 3318 1941 3409 utroque
1979 3271 2317 3383 metallo
2371 3317 2765 3407 typorum
2806 3307 3251 3401 varietate,
3321 3308 3466 3385 do·

318 3468 472 3523 nec
502 3445 1104 3548 praefectorum
1134 3457 1508 3522 monetae
1542 3446 1859 3523 vanitas
1884 3500 1910 3538 ,
1960 3457 2043 3519 et
2068 3443 2425 3543 jactandi
2462 3445 2777 3547 generis
2834 3442 3088 3521 libido
3151 3452 3467 3526 veteris

316 3579 836 3686 fimplicitatis
874 3583 1270 3665 fastidium
1306 3586 1632 3664 levavit.
1732 3582 1898 3662 Sed
1931 3605 2189 3683 neque
2215 3581 2330 3657 'fic
2366 3583 2933 3682 impetravere,
2985 3594 3070 3657 ut
3099 3607 3261 3659 non
3295 3585 3468 3663 alia.

320 3710 945 3806 defiderareinus
987 3725 1300 3831 posteri.
1403 3695 1731 3820 Gratius
1764 3725 1981 3800 enim
2031 3718 2267 3797 nobis
2300 3719 2737 3816 accidisset,
2788 3742 2989 3822 prae
3026 3718 3259 3799 factis
3315 3747 3456 3806 an-

196 3835 213 3844 *
315 3861 595 3959 tiquis,
642 3865 899 3965 iisque
940 3868 1409 3968 plerumque
1453 3831 1874 3957 fabulones,
1926 3862 2207 3941 videre
2237 3860 2324 3935 in
2360 3871 2687 3936 moneta
2717 3857 3041 3964 publice
3093 3862 3448 3963 impera·

312 4010 403 4075 ta
430 4020 561 4075 res
599 3996 855 4102 gestas
890 3981 988 4080 eo
1034 4020 1444 4108 tempore,
1500 4025 1661 4102 quo
1674 4000 1987 4105 lignata
2015 3999 2189 4101 ipsa
2224 3998 2418 4094 fuit‚'
2470 4011 2552 4074 et
2597 3998 2954 4099 aliquam
3004 3997 3286 4078 saltem
3328 3999 3452 4076 fu-

310 4134 443 4214 iss’e
474 4135 926 4215 adstitutam
958 4149 1238 4212 notam
1278 4135 1977 4240 chronologicam,
2026 4161 2234 4237 quae
2271 4139 2494 4215 numi
2529 4136 2882 4238 percussi
2950 4150 3341 4238 aetatem,
3391 4138 3449 4213 fi

310 4301 475 4354 non
520 4288 829 4353 certam
864 4272 1475 4375 definitamque,
1525 4287 1609 4351 at
1645 4265 1924 4351 saltem
1955 4275 2312 4354 vicinam
2350 4273 2748 4351 edoceret.
2847 4272 3043 4349 Alia
3098 4273 3235 4350 sub
3289 4276 3443 4352 im·

308 4407 821 4515 peratoribus
849 4424 1226 4490 monetae
1243 4411 1523 4490 facieS.
1614 4411 1951 4490 Praeter
1969 4412 2504 4515 promiscuum
2525 4406 2862 4511 triplicis
2888 4413 3195 4489 metalli
3222 4413 3443 4492 usum

311 4550 598 4628 habita
644 4554 890 4629 etiam
930 4554 1140 4630 ratio
1178 4551 1614 4653 praesentis
1654 4523 2047 4640 fortunae,
2096 4555 2218 4628 rei
2251 4551 2472 4627 domi
2506 4549 2860 4653 forisque
2893 4550 3288 4655 insigniter
3304 4577 3446 4658 ge-

305 4686 514 4785 stae,
565 4687 1011 4770 officiorum
1045 4691 1434 4800 principis
1479 4691 2033 4794 in-populum,
2086 4703 2172 4770 et
2206 4688 2603 4802 vicissim,
2648 4701 2745 4790 et‘
2763 4713 3279 4794 quaecunque
3341 4692 3436 4785 ⁸in
