4225 5450
1434 571 2262 660 HADRIANVS.

3251 597 3394 674 497
3473 647 3482 664 .

284 780 489 866 saepe
524 774 618 843 ab
643 774 938 859 antiquis
970 771 1071 851 fit,
1124 771 1395 837 excludi
1422 793 1671 838 annum
1704 775 1804 839 ul·
1880 771 2131 856 tinius,
2178 792 2416 840 verum
2447 774 2548 851 is,
2598 788 2674 840 ut
2713 776 2806 841 ab
2843 786 3121 843 auctore
3150 797 3401 866 propo·

284 877 581 956 timum,
655 891 792 955 quo
838 869 1229 933 Hadrianus
1289 869 1802 953 Hierosolymas
1891 872 2108 951 nitur,
2159 869 2483 935 nonnulla
2512 868 2714 935 offert
2751 871 3122 937 insolentia.
3210 875 3265 940 1.
3317 875 3403 937 E:-

292 971 510 1036 venit.
610 966 961 1035 Violenter
994 964 1151 1027 satis
1178 1010 1199 1042 ,
1249 963 1361 1029 sed
1396 965 1487 1028 ad
1514 975 1519 982 ‘
1542 965 1813 1029 causam

292 1066 691 1144 necessario.
831 1059 1123 1124 Credam
1181 1059 1553 1143 praestare,
1621 1061 1815 1141 huius

296 1163 551 1226 aetatis
596 1155 1028 1239 chronologis
1076 1170 1211 1216 non
1253 1173 1570 1240 magnam
1608 1149 1841 1218 habe-‘

182 1279 199 1298 ·
300 1276 380 1322 re
413 1255 659 1331 fidem,
695 1252 828 1336 qui
876 1248 1123 1336 passim
1171 1247 1506 1312 rationem
1556 1258 1819 1335 tempo-

292 1371 450 1418 rum
498 1349 681 1414 male
716 1344 1132 1430 descripsere.
1230 1341 1410 1407 Satis
1455 1341 1624 1423 esto,
1675 1357 1818 1408 tam

291 1451 642 1512 maturssm
682 1441 1020 1506 Hadriani
1062 1440 1131 1503 in
1180 1437 1551 1518 Iudaeam,
1605 1460 1685 1504 ac
1719 1440 1818 1504 vi·

192 1609 195 1614 ⁴
294 1543 526 1608 cinum
562 1550 851 1603 tractum
896 1538 1026 1600 iter
1077 1554 1215 1604 non
1270 1535 1483 1600 modo
1548 1534 1819 1600 infirmo

244 1639 424 1703 -niti
510 1634 1002 1710 fundamento,
1070 1631 1180 1695 sed
1241 1611 1455 1696 etiam
1498 1632 1821 1716 componi

290 1750 438 1798 non
467 1730 653 1843 posse
693 1750 846 1794 cum
887 1724 1182 1790 instituto
1225 1727 1580 1808 itinerum,
1635 1728 1825 1812 quod

290 1826 418 1904 fibi
484 1830 556 1891 in
620 1822 1062 1912 peragrandis
1120 1822 1390 1906 imperii
1447 1821 1820 1908 provinciis

293 1921 627 2011 praefixit
675 1913 1108 1993 Hadrianus,
1159 1928 1228 1978 et
1276 1935 1402 1981 nos
1445 1920 1513 1981 in
1562 1919 1819 1982 annali·

290 2018 427 2083 bus
466 2018 882 2104 digessimus.
1011 2017 1101 2076 At
1156 2030 1325 2094 vero
1390 2012 1817 2096 Hadrianum

293 2132 484 2180 anno
526 2114 801 2178 demum
827 2112 911 2174 V.
937 2107 1016 2170 C.
1052 2118 1187 2191 883
1215 2104 1405 2170 fuiss'e
1440 2109 1508 2171 in
1535 2109 1817 2184 Iudaea,

289 2220 365 2275 et
400 2210 561 2292 inde
607 2206 876 2271 intrasse
917 2207 1347 2288 Aegyptum,
1399 2204 1645 2268 docent
1703 2223 1818 2268 nu·

294 2303 397 2371 mi
430 2302 664 2367 Gazae
682 2293 1039 2376 ludaeae,
1088 2311 1157 2362 et
1228 2318 1403 2383 quae
1470 2299 1669 2385 supra
1727 2298 1819 2363 ad

287 2419 573 2466 numum
614 2395 950 2462 Hadriani
990 2391 1423 2479 inscriptum:
1476 2394 1820 2460 ADVEN·

288 2488 1819 2576 Tv1.AVG.ALExANDR1AE.differui-

284 2610 468 2658 mul·

614 2974 709 3039 Vt
741 2972 840 3037 tit.
876 2973 962 3036 K.

308 3066 962 3141 RESTITVTORI.
997 3060 1213 3130 AVG.
1255 3061 1620 3126 LIBYAE.
1643 3060 1708 3123 S.
1744 3057 1821 3125 C.

303 3167 683 3250 Imperator
716 3161 1160 3245 togatus-stans
1193 3158 1500 3224 mulierem
1523 3173 1694 3240 genu
1712 3153 1823 3239 fle-

314 3269 572 3328 cientem
583 3256 887 3346 sublevat
941 3256 1084 3318 AE.
1150 3259 1201 3322 1.
1267 3251 1593 3340 (Pellerin
1654 3248 1824 3319 Mel.

295 3357 368 3422 1.
520 3373 607 3416 20

322 3514 327 3517 .
391 3350 915 3514 ἷᾶεάἱὲἐεώιιε
960 3463 1043 3508 eo
1088 3443 1300 3520 loco‘,
1349 3461 1486 3526 quo
1521 3443 1836 3527 restitutas

316 3545 414 3612 ab
454 3544 810 3608 Hadriano
863 3539 1253 3627 provincias
1314 3538 1596 3612 recitat,
1680 3556 1834 3600 cum

317 3641 415 3706 ad
451 3637 750 3721 Libyam
791 3649 1192 3721 perventum
1226 3632 1340 3712 est,
1390 3637 1530 3716 ejus
1559 3652 1836 3695 numum

318 3734 530 3823 plane
591 3729 1052 3818 perfunctorie
1119 3727 1206 3793 fic
1254 3728 1608 3794 describit:
1695 3727 1839 3790 RE·

320 3828 438 3894 ST
442 3825 848 3891 lTVTORl.
867 3823 1224 3901 LYBIAE,
1241 3823 1428 3888 nulla
1450 3822 1639 3886 facta
1660 3841 1840 3886 men-

322 3925 515 3988 tione
549 3922 656 3984 seu
689 3922 880 4006 typi,
930 3919 1040 3982 seu
1077 3918 1326 4000 musei,
1377 3937 1512 4001 quo
1558 3918 1844 3997 factum,

326 4031 409 4084 ut
446 4015 791 4081 monstrati
823 4015 1016 4098 hujus
1057 4014 1244 4076 numi
1275 4012 1528 4075 nullam
1562 4015 1686 4075 effe
1723 4011 1841 4077 ha·

1895 966 2223 1053 pigraphe
2253 965 2498 1052 capitis
2522 988 2546 1029 ι·
2592 967 3148 1034 HADRIANVS.
3192 968 3405 1035 AVG.

1899 1058 2088 1129 COS.
2109 1061 2231 1124 111.
2264 1061 2331 1124 in
2356 1059 2539 1124 nullo
2572 1061 3252 1128 hactenusHadriani
3289 1075 3430 1129 nui·

1897 1175 2011 1220 mo
2050 1176 2093 1220 a
2116 1176 2223 1219 me
2252 1170 2612 1241 comperta
2645 1156 2756 1223 est.
2809 1159 2940 1222 Sed
2972 1158 3189 1223 levius
3217 1158 3407 1227 istud.

1897 1251 2184 1331 Maioris
2214 1254 2540 1318 momenti
2571 1252 2699 1331 est,
2749 1254 2931 1337 quod
2963 1254 3033 1316 in
3068 1273 3151 1317 eo
3187 1253 3411 1319 obser·

1901 1365 1991 1411 vo
2037 1345 2168 1422 11„
2222 1348 2539 1410 nimirum
2594 1349 3011 1433 epigraphen
3067 1350 3344 1413 aversae
3388 1372 3407 1414 ι

1897 1441 2544 1509 RESTITVTORI.
2579 1442 2790 1508 AVG.
2824 1443 3176 1510 LIBYAE.
3227 1443 3412 1527 Quid

1897 1535 2030 1598 huc
2067 1534 2327 1623 irrepsit
2363 1536 2774 1606 vocabulum
2809 1537 3019 1612 AVG.
3045 1585 3066 1615 ‚
3118 1541 3304 1623 quod
3338 1540 3412 1604 in

1902 1633 2218 1696 omnibus
2244 1629 2693 1726 restitutamm
2746 1635 3253 1720 provinciarum
3288 1654 3405 1699 nu·

1900 1728 2027 1791 mis
2068 1726 2442 1794 constanter
2498 1726 2719 1807 abest,
2795 1747 3187 1814 quanquam
3246 1729 3415 1795 adfit

1900 1822 2275 1887 constanter
2304 1823 2374 1884 in
2404 1826 2624 1886 numis
2653 1822 3020 1911 inscriptis:
3071 1826 3411 1892 ADVEN·
3527 1887 3532 1894 .

1897 1920 1962 1981 T
1967 1919 2079 1992 vl,
2117 1914 2381 1982 AVG.?
2431 1920 2670 1983 Vtrum
2724 1919 2931 1984 exstet
2974 1921 3230 1986 alicubi
3296 1942 3415 1986 nu·

1895 2034 2045 2076 mus
2079 2011 2959 2079 RESTITVTOR1.AvG.
2993 2013 3417 2102 AFRICAE‚

1901 2130 2101 2193 quem
2158 2107 2254 2170 ibi
2330 2108 2438 2170 vir
2495 2110 2796 2189 eruditus
2863 2111 3065 2187 citat,
3115 2111 3359 2194 ignoro
3390 2161 3414 2192 ,

1901 2215 2105 2288 atque
2155 2205 2362 2269 etiam
2406 2207 2735 2286 majorem
2771 2206 2841 2267 in
2894 2205 3173 2269 modum
3223 2204 3416 2269 dubi-

1899 2314 2011 2378 to;
2061 2321 2221 2365 nam
2253 2300 2533 2364 videtur
2566 2299 2745 2367 hunc
2766 2320 3041 2364 numum
3079 2300 3290 2364 citare
3319 2300 3418 2364 so-

1901 2395 2041 2461 lum
2091 2398 2176 2460 de
2215 2397 2594 2475 memoria,
2648 2409 2715 2459 et
2766 2417 2902 2460 non
2964 2394 3281 2459 consultis
3335 2397 3421 2461 li..

1902 2494 2084 2570 bris,
2142 2491 2422 2576 perinde
2455 2503 2660 2576 atque
2705 2512 2870 2556 mox
2905 2471 3083 2558 infra
3142 2491 3416 2557 confer-

1899 2590 2021 2654 tim
2052 2588 2356 2665 fallitur,
2428 2606 2580 2652 cum
2625 2589 2905 2667 adserit,
2958 2607 3093 2652 non
3158 2586 3416 2652 exstare

1898 2703 2143 2749 numos
2180 2683 2574 2771 inscriptos·
2558 2729 2576 2746 .
2651 2684 3154 2750 ADVENTVI.
3203 2681 3416 2751 AVG.

1900 2778 2311 2869 SICIJAAE,
2341 2781 2583 2844 deinde
2616 2792 2927 2845 auctores
2967 2790 3230 2843 veteres
3265 2799 3421 2845 nus

1905 2895 2112 2984 quam
2147 2874 2538 2959 adfirmare,
2591 2875 3015 2939 Hadrianum
3048 2876 3420 2959 aliquando

1902 2982 2025 3031 aut
2053 2971 2126 3031 in
2155 2969 2463 3047 Achaia,
2513 2981 2635 3032 aut
2660 2971 2731 3030 in
2764 2968 3000 3031 Sicilia
3034 2978 3419 3035 commora-

1905 3074 2090 3144 tum,
2146 3066 2330 3141 cujus
2367 3076 2598 3125 tamen
2639 3059 3089 3145 profectionis
3142 3065 3421 3149 copiosa

1908 3168 2211 3220 veterum
2249 3154 2579 3218 habemus
2612 3152 3025 3235 testimonia,
3084 3176 3259 3240 quae
3293 3160 3422 3224 suis

1906 3251 2079 3316 locis
2105 3253 2407 3329 indicata
2429 3251 2746 3349 reperieS.
2847 3253 2953 3315 Ad
2970 3272 3244 3315 numum
3263 3275 3423 3338 pro

1910 3346 2196 3434 positum
2237 3359 2310 3410 ut
2346 3348 2661 3424 redeam,
2714 3356 2999 3430 utraque
3033 3368 3077 3411 a
3114 3367 3222 3411 me
3267 3368 3423 3433 pro·

1914 3442 2131 3528 posita
2164 3444 2342 3506 ratio
2374 3442 2804 3527 persuaderet
2830 3440 3064 3522 facile,
3115 3463 3268 3507 eum
3298 3445 3426 3509 effe

1917 3539 2145 3602 malae
2181 3550 2386 3602 notae
2420 3557 2763 3613 mercem,
2828 3539 2943 3601 nisi
2991 3561 3143 3605 eum
3194 3542 3432 3625 genui-

1920 3653 2080 3699 num
2118 3645 2417 3697 tueretur
2451 3644 2690 3696 auctor
2746 3635 3016 3718 gravis,
3070 3648 3137 3698 et
3201 3639 3433 3724 magni
3475 3700 3482 3711 ,

1921 3730 1991 3791 in
2028 3728 2305 3792 scientia
2350 3727 2572 3792 nostra
2631 3732 2922 3791 nominis
3001 3731 3426 3799 Pellerinius.

1922 3822 2438 3908 Fuisse-Libyae
2485 3839 2627 3888 tum
2680 3826 2976 3889 maxime
3023 3846 3195 3912 opus
3256 3826 3433 3893 resti·

1924 3929 2151 3981 tutore
2185 3917 2510 4004 Augusto,
2565 3921 2775 3983 nimio
2805 3934 3102 3998 certum,
3157 3926 3433 4005 quando

1924 4013 2302 4097 imperante
2334 4016 2677 4093 Traiano,
2730 4030 2797 4081 et
2856 4017 3213 4083 Hadriano
3248 4041 3293 4083 a
3328 4021 3436 4082 Iu·

323 4114 628 4179 bendam
680 4113 1014 4176 rationem
1077 4108 1412 4171 censerent
1458 4109 1845 4189 antiquarii.
1928 4107 2118 4171 daeis
2156 4108 2518 4185 rebellibus
2550 4111 2728 4173 ultra
2764 4113 3056 4177 ducenta
3084 4113 3435 4177 hominum

327 4210 413 4274 In
445 4208 599 4283 aliis
632 4206 963 4290 catalogis
1001 4202 1340 4281 omnibus,
1382 4214 1717 4286 quotquot
1745 4223 1845 4266 re·

309 4306 467 4391 peri
499 4349 520 4380 ,
575 4322 725 4365 eum
773 4319 1050 4366 numum
1086 4299 1357 4362 reticeri
1405 4298 1632 4362 video.
1732 4296 1846 4362 Se·

290 4399 451 4464 'rius
513 4396 706 4460 illum
755 4416 841 4462 ex
878 4394 1105 4460 museo
1135 4392 1253 4456 suo
1292 4391 1607 4478 vulgavit
1631 4393 1848 4459 Pelle·

284 4650 297 4657 .
423 4581 612 4672 (Vol.
668 4582 828 4666 VI.)

1927 4203 2158 4266 millia,
2212 4203 2404 4269 caesa
2466 4202 2764 4289 constat,
2832 4207 2916 4273 de
2955 4227 3090 4291 qua
3149 4208 3480 4273 miserae·

1928 4298 2225 4383 regionis
2269 4299 2659 4364 calamitate
2715 4300 2874 4364 vide
2948 4302 3286 4389 Dionem,
3372 4315 3442 4368 et

1931 4392 2264 4459 orosium.
2414 4394 2844 4461 Hadrianum
2892 4398 2964 4462 in
3022 4398 3252 4463 vicina
3283 4401 3440 4466 Ale·

2717 4588 3094 4671 „th‘
