4225 5450
1994 168 2031 203 b

829 502 967 601 :ab
1040 526 1055 533 '

2036 496 2746 601 CALIG'VLA.

1771 910 2146 982 CAIVS
2235 913 2489 998 vulgo
2570 904 2996 998 Caligula.

928 1102 1148 1168 Natus
1188 1104 1271 1170 V.
1324 1100 1401 1167 C.
1449 1102 1587 1185 765
1645 1115 1840 1186 patre
1900 1101 2348 1187 Germanico,

2423 1105 2720 1188 pientem
2787 1104 3065 1169 hortatu
3165 1104 3514 1172 Macronis
3608 1111 3934 1198 praefecti

790 1234 799 1247 ι
832 1212 1050 1267 matre
1088 1200 1464 1285 Agrippina
1506 1187 1728 1283 pridi'e
1762 1198 1918 1265 Kal.
1957 1199 2142 1283 Sept.
2167 1198 2231 1280 ⁸)
2285 1211 2353 1263 et
2418 1201 2768 1283 praetorio
2799 1201 3041 1278 injectu
3059 1197 3358 1279 vestium,
3409 1216 3480 1267 ut
3509 1203 3761 1284 fertur,
3815 1230 3928 1294 op.

833 1294 1106 1379 quidem
1141 1297 1325 1380 apud
1369 1293 1645 1358 Antium
1679 1338 1702 1372 ‚
1753 1306 1828 1355 ut
1877 1293 2147 1378 prolixe
2192 1314 2350 1378 pro-

2427 1295 2665 1378 pressit
2711 1295 2925 1360 XVII.
2970 1295 3122 1359 Kal.
3186 1299 3400 1382 April.
3452 1297 3515 1381 ⁸)
3585 1301 3722 1364 Dio
3770 1299 3936 1368 istud

827 1388 951 1454 bat
978 1389 1364 1455 Suetonius.
1415 1377 1485 1469 1’)
1538 1388 1675 1452 Sub
1710 1388 2041 1451 excessum
2076 1387 2349 1474 Augusti
2426 1386 2684 1453 factum
2725 1390 2932 1454 docet
2963 1390 3114 1455 v11.
3155 1391 3304 1458 Kal.
3351 1394 3639 1479 Apriles.
3693 1389 3762 1479 h)

825 1486 911 1550 V.
947 1483 1023 1553 C.
1060 1485 1193 1566 767
1235 1485 1420 1572 apud
1469 1485 1836 1548 exercitum
1898 1484 2119 1546 Rheni
2171 1482 2340 1547 infe-

826 1580 1029 1645 rioris
1074 1594 1269 1658 erat,
1315 1578 1580 1662 fuitque
1625 1578 1851 1642 adhuc
1894 1576 2120 1642 infans
2190 1598 2339 1663 per-

828 1693 1027 1739 carus
1065 1675 1437 1752 militibus,
1491 1673 1606 1758 qui
1650 1672 1749 1735 illi
1811 1692 1932 1759 per
1984 1670 2337 1757 castrenses
2420 1675 2490 1736 la
2544 1675 2743 1736 nobis
2809 1674 3156 1762 Carthago

826 1767 1117 1837 facetias
1192 1769 1510 1855 Caligulae
1589 1787 1835 1833 nomen
1912 1768 2335 1852 imposuere,

3173 1486 3206 1518 ff

2517 1576 2871 1664 Caligulae
2903 1535 3204 1644 nobdum
3234 1538 3501 1668 Augusti
3537 1606 3776 1652 numos
3813 1590 3923 1654 so-

3257 1678 3463 1741 Nova
3552 1682 3923 1767 Hispaniae

2420 1766 2661 1845 offert,
2707 1773 2904 1852 juxta
2939 1775 3125 1849 cujus
3188 1786 3395 1855 caput
3444 1777 3694 1839 nudum
3779 1778 3930 1843 scri·

829 1867 1016 1949 quod
1061 1867 1154 1931 ad
1198 1865 1628 1930 concilianda
1668 1863 1851 1948 vulgi
1900 1860 2111 1928 [india
2150 1863 2337 1926 sueto
2416 1874 2649 1948 ptum:
2705 1862 3450 1933 C.CAESAR.TIber-ii
3484 1871 3712 1957 Nepos.
3740 1872 3931 1957 (Flo-

828 1961 1154 2027 militibus
1208 1962 1462 2048 pedum
1550 1958 1839 2047 tegmine
1902 1970 2221 2022 uteretur.
2275 1955 2336 2040 ⁰)
2419 1957 2591 2042 rez.)

826 2057 914 2121 V.
953 2054 1029 2124 C.
1071 2075 1208 2140 770
1248 2054 1593 2144 profectus
1628 2057 1698 2118 in
1733 2053 2000 2137 Syriam
2042 2074 2194 2117 cum
2216 2073 2333 2140 pa·

828 2163 976 2232 tre,
1028 2173 1111 2217 eo
1176 2154 1357 2218 intra
1420 2152 1761 2217 biennium
1839 2161 2111 2213 mortuo
2181 2169 2334 2214 cum

827 2261 1045 2313 matre
1089 2250 1384 2312 Romam
1434 2246 1782 2324 reversus,
1844 2246 1976 2308 hac
2031 2246 2334 2331 relegata

2810 2055 2894 2121 V.
2940 2056 3006 2121 C.
3037 2077 3169 2143 79⁰
3199 2061 3278 2123 P.
3304 2061 3392 2125 X.
3416 2081 3538 2144 37.

2616 2151 2753 2219 TR.
2806 2152 3009 2219 POT.
3087 2156 3169 2218 P.
3256 2157 3356 2219 M.
3439 2149 3731 2225 GKRM.

2769 2246 2910 2311 inde
2948 2268 2990 2313 a
3024 2248 3172 2313 Kal.
3207 2248 3333 2315 Iul.
3391 2253 3573 2318 COS.

823 2346 895 2410 in
926 2346 1205 2411 domum
1236 2344 1451 2408 Iuliae
1489 2343 1846 2428 proaviae,
1893 2340 2026 2404 hac
2061 2354 2338 2404 mortua
2407 2338 2528 2406 Cn.
2556 2340 2906 2407 Acerronio
2947 2343 3215 2410 Proculo
3248 2380 3293 2422 ,·
3321 2344 3388 2411 C.
3427 2348 3660 2414 Pontio
3693 2316 3947 2435 Nigri·-

827 2439 921 2505 ad
955 2442 1322 2505 Antoniam
1385 2441 1615 2502 aviam
1662 2436 2003 2520 migravit.
2127 2440 2209 2500 V.
2252 2435 2328 2500 C.

830 2549 973 2616 784
1017 2539 1381 2605 decoratus
1428 2530 1871 2620 pontificatu,
1923 2521 1981 2607 ὃ)
2043 2534 2327 2596 mortuis

825 2653 949 2718 pet
977 2634 1119 2699 vim
1154 2628 1478 2697 fratribus
1518 2630 1783 2690 Nerone
1827 2644 1908 2686 ac
1945 2625 2190 2704 Druso,
2246 2646 2328 2689 ac

827 2734 1012 2812 cujus
1044 2728 1221 2792 solus
1266 2724 1401 2811 ipse
1452 2722 1741 2800 insidias,
1776 2721 2160 2801 vitaverat,
2209 2721 2332 2784 Se.

816 2828 1021 2906 jane,
1067 2826 1209 2905 jam
1246 2838 1377 2884 non
1425 2818 1672 2884 dubius
1725 2818 1795 2880 in
1857 2816 2146 2899 imperio
2195 2815 2331 2879 suc-

825 2917 1074 3002 cess‘or,
1124 2915 1209 2977 V.
1260 2912 1336 2978 C.
1383 2915 1527 2992 786
1570 2911 1882 2996 quaestor
1919 2912 2330 2993 nominatur,

824 3013 1129 3098 Capreas
1178 3029 1222 3074 a
1260 3008 1543 3073 Tibenio
1572 3007 1873 3084 accitur,
1942 3019 2146 3089 atque
2194 3026 2328 3070 uno

821 3109 1194 3190 eodemque
1236 3105 1348 3170 die
1401 3116 1634 3190 togam
1677 3103 1874 3175 sumit
1910 3148 1930 3182 ‚
2011 3102 2327 3166 barbam-

820 3223 950 3287 que
989 3202 1202 3288 ponit.
1254 3205 1307 3286 ε)
1432 3200 1723 3285 Reliquo
1789 3213 2097 3285 tempore
2174 3218 2327 3261 cum

662 3344 681 3360 .
818 3296 1111 3364 Tiberio
1139 3297 1316 3364 vixit
1369 3296 1807 3362 dissimulatis
1870 3294 2113 3358 domus
2172 3294 2328 3356 suae

827 3392 1193 3471 caedibus,
1241 3404 1569 3478 tanquam
1618 3392 1708 3455 ad
1756 3391 1821 3455 se
1862 3409 1997 3470 non
2036 3390 2325 3476 pertine-

819 3504 1013 3566 rent,
1079 3501 1287 3573 atque
1347 3487 1661 3552 omnibus
1734 3485 2070 3570 obsequiis
2147 3486 2325 3549 adeo

818 3586 1193 3672 principem
1232 3582 1469 3647 obiens
1497 3631 1523 3667 ‚
1571 3595 1646 3647 ut
1701 3581 1908 3668 vulgo
1945 3581 2321 3658 diceretur,

815 3700 922 3745 uec
930 3681 1189 3767 sermon
1214 3677 1519 3744 meliorem
1548 3677 1731 3743 uuum
1752 3724 1773 3757 ,
1821 3697 1928 3743 m
1961 3674 2326 3741 deteriorem

816 3777 1126 3841 dominum
1140 3771 1344 3860 fuiffe.
1395 3762 1452 3856 f)
1503 3775 1587 3837 V.
1631 3771 1705 3838 C.
1760 3792 1897 3856 790
1959 3771 2323 3835 Tiberium

816 3872 999 3959 apud
1036 3870 1362 3932 Misenum
1404 3869 1703 3952 graviter
1758 3866 2318 3944 decumbentem,

686 4045 695 4052 ,
816 3986 898 4030 ac
941 3966 1240 4030 animam
1294 3961 1437 4029 fere
1499 3962 1921 4026 interclusam
1987 3963 2104 4024 vix
2155 3963 2320 4025 reci·

879 4231 939 4294 a.)
979 4227 1205 4281 Sueton.
1277 4225 1565 4297 Lamprid,
1612 4228 1672 4278 in
1724 4221 2073 4284 Commodo,
2124 4223 2429 4296 Kalendar.
2484 4245 2677 4280 marm.
2733 4228 3028 4299 Capranic.

815 4299 863 4361 c)
903 4297 1041 4350 Tac.
1084 4296 1231 4347 Aen.
1269 4296 1316 4347 1.
1352 4307 1439 4358 41.
1513 4294 1660 4346 Suet.
1698 4311 1744 4346 c.
1785 4295 1838 4344 6.
1910 4291 2023 4344 Dio
2061 4292 2125 4343 L.
2165 4293 2345 4346 LVII.

818 4374 898 4425 ιε.
1093 4362 1149 4428 d)
1186 4363 1298 4416 Dio
1329 4363 1392 4416 Β.
1430 4361 1643 4414 LVIII.
1680 4363 1711 4431 ς
1752 4379 1798 4427 7.

809 4432 859 4496 s)
886 4431 1035 4483 Suet.
1073 4449 1119 4483 e.
1164 4449 1246 4485 io.
1300 4447 1319 4454 “
1470 4431 1521 4499 g)
1561 4431 1700 4482 Tac.
1743 4430 1893 4481 Ann.
1929 4427 2031 4481 VI.

810 4499 866 4617 2
887 4497 1043 4632 Ir’liilo
1077 4500 1264 4570 Legat.
1292 4496 1379 4554 vad
1406 4497 1607 4565 cajum
1640 4516 1700 4569 p·
1731 4505 1856 4567 548·

2069 4444 2157 4545 ἱο.
2240 4429 2392 4511 βυοέ.
2432 4432 2489 4481 in
2527 4430 2653 4483 Tib.
2695 4443 2747 4484 et
2785 4432 2954 4502 Calig.

2123 4499 2143 4562 )
2178 4496 2328 4558 Dio,
2366 4497 2590 4550 Sueton.

3038 2459 3119 2504 Μ
3155 2462 3283 2505 005·

2511 2626 2790 2690 Mortuo
2835 2629 3126 2693 Tiberio
3168 2631 3399 2695 urbem
3435 2632 3750 2721 ingress'us
3813 2616 3918 2700 co·

2416 2731 2575 2784 acto
2616 2719 2845 2787 senatu
2881 2726 3238 2791 Tiberium
3282 2727 3645 2810 Drufiqun.
3681 2730 3919 2810 filium,

2416 2835 2615 2900 quem
2666 2815 2882 2882 senior
2918 2820 3366 2899 coheredem,
3421 2835 3488 2886 et
3545 2826 3614 2887 in
3673 2821 3915 2910 princi·

2414 2923 2580 2994 patu
2616 2912 2946 2998 collegam
2993 2916 3314 3004 supremis
3351 2918 3604 2984 tabulis
3657 2920 3920 3008 scripse·

2410 3019 2555 3084 rat,
2609 3028 2693 3072 ex
2726 3009 2794 3072 S.
2835 3010 2908 3078 C.
2944 3012 3235 3098 imperio
3279 3014 3483 3077 exuit.
3624 3015 3912 3080 Tiberio

2402 3099 2574 3183 justa
2611 3102 2923 3170 funebria
2957 3107 3366 3194 amplissime
3405 3110 3625 3174 solvit.
3729 3112 3932 3176 Men-·

2409 3194 2473 3259 se
2511 3197 2779 3284 imperii
2845 3203 3030 3266 vm.
3083 3203 3381 3289 graviter
3442 3204 3803 3272 decumbit.
3856 3205 3912 3291 ἰ)

2406 3291 2513 3355 Ex
2551 3293 2793 3358 morbo
2833 3309 3176 3361 recreatus
3228 3298 3585 3363 Tiberium
3627 3298 3912 3366 fratrem

2407 3388 2741 3474 adoptat,
2823 3395 3201 3478 principem
3281 3395 3652 3475 juventutis
3709 3398 3911 3475 dicit,

2408 3481 2684 3546 subinde
2728 3487 3064 3554 interficit.
3111 3481 3177 3570 ¹)
3244 3487 3672 3554 Consulatum
3726 3490 3910 3555 suffe·

2407 3590 2589 3641 ctum
2625 3581 2783 3649 Kal.
2831 3584 2955 3647 Iul.
2998 3582 3263 3670 collega
3319 3583 3608 3648 Claudio
3665 3600 3908 3672 patruo

2401 3673 2570 3752 init,
2625 3688 2691 3739 et
2722 3676 2867 3763 post
2903 3679 3073 3741 duos
3114 3677 3364 3741 menses
3420 3680 3716 3747 abdicat.
3765 3677 3815 3764 ¹)

2683 3770 2773 3836 C.
2816 3770 3186 3838 CAESAR.
3223 3773 3431 3838 AVG.
3500 3773 3784 3843 GERM.
3835 3779 3902 3841 P.

2693 3869 2794 3931 M.
2831 3867 2980 3930 TR.
3016 3869 3226 3932 POT.
3284 3870 3485 3954 Caput
3521 3871 3792 3951 nudum,
3843 3876 3907 3935 in

2693 3964 2842 4029 aliis
2881 3962 3250 4028 murcatum.

3289 4227 3347 4293 b)
3384 4230 3442 4279 iu
3478 4228 3594 4280 Ca'
3686 4242 3806 4298 cap.
3846 4239 3900 4290 8.

2384 4296 2414 4361 §
2491 4332 2503 4344 .
2582 4297 2766 4348 Victor
2800 4299 2856 4348 in
2896 4296 3065 4347 Caess'.
3140 4294 3350 4349 Seneca
3386 4293 3459 4347 de
3493 4313 3596 4348 con
3643 4332 3654 4343 .
3692 4293 3809 4367 sap.
3854 4314 3898 4347 e.

1995 4361 2047 4424 e)
2087 4359 2201 4426 Dio
2238 4362 2302 4413 L.
2338 4313 2548 4413 van.

2589 4364 2619 4431 §
2662 4381 2741 4431 93.
2829 4365 3006 4416 Tacit.
3047 4364 3195 4418 Ann.
3237 4365 3339 4416 VI.
3379 4379 3462 4415 ao.
3548 4362 3697 4415 Suet.
3735 4382 3780 4415 e.
3825 4381 3900 4414 ιο.

3215 4431 3278 4498 h)
3316 4433 3382 4482 L.
3424 4431 3632 4484 LVIII.
3677 4431 3771 4485 sub
3807 4431 3896 4484 fin,

2854 4500 2890 4564 Ι)
2930 4500 3078 4551 Suet.
3118 4517 3161 4552 c.
3206 4517 3285 4563 ¹7·
3359 4498 3470 4552 Dio
3511 4501 3571 4554 L.
3611 4499 3765 4559 LIX,
3804 4502 3832 4570 5
3870 4503 3899 4548 6
