4225 5450
1846 534 2905 616 PRAEFATIO.

998 754 1205 840 ηιμ»
1240 730 1623 829 illustrata
1640 787 1662 824 ,
1714 753 1913 845 nunc
1947 755 2120 808 vero
2155 729 2258 808 ab
2307 732 2712 807 innumeris
2763 727 3054 806 mendis
3098 729 3541 836 expurgata!
3559 787 3581 821 ,
3639 730 3937 809 addim

1006 864 1273 944 onibus
1339 892 1568 971 usque
1601 868 1755 944 hac
1792 860 2242 971 desideratis
2258 924 2278 959 ,
2340 871 2760 972 criticisque
2819 864 3458 970 observationibus
3539 882 3937 947 exornata

1006 1018 1318 1079 curante
1358 1000 1701 1104 Philippo
1732 1003 2103 1107 Argelaco
2147 1000 2613 1102 Bononiensi.
2713 1000 3142 1078 Mediolani
3175 1000 3722 1084 MDCGXXX.
3761 1004 3937 1100 sol.

818 1275 1211 1391 Mearum·
1240 1281 1588 1375 partium
1628 1274 1731 1349 est
1762 1277 2159 1381 inquirere
2180 1333 2203 1367 ,
2255 1289 2632 1374 quantum
2665 1273 2835 1375 post
2869 1272 3148 1375 ampla
3193 1274 3401 1351 haec
3434 1277 3810 1374 promissa
3845 1280 3930 1351 ei

814 1416 1041 1519 operi
1081 1413 1627 1503 castimoniae,
1680 1426 1759 1486 et
1800 1370 2170 1511 puritatis
2215 1411 2634 1488 accesserit.
2733 1412 2873 1487 Ad
2905 1435 3087 1486 eam
3125 1386 3716 1511 procurandam
3780 1422 3926 1513 pa-

815 1572 990 1625 rum
1037 1572 1336 1648 operae
1388 1530 1767 1646 studiiq'ne
1816 1540 2032 1621 fuisse
2075 1550 2499 1637 collatum,
2553 1559 3022 1647 argumento
3090 1545 3289 1638 estc,
3359 1549 3575 1646 quod
3636 1551 3925 1625 eadem

815 1686 1019 1762 haec
1056 1689 1288 1776 vitia,
1340 1708 1543 1783 quae
1574 1650 1859 1783 paullo
1881 1683 2112 1782 supra
2146 1696 2530 1782 tanquam
2561 1685 2935 1784 exiguam
2972 1685 3213 1757 totius
3249 1696 3562 1782 partem
3599 1708 3701 1759 ex
3740 1686 3925 1761 Me-

817 1818 1213 1895 diobarbo
1247 1805 1629 1911 recifavi,
1677 1822 1994 1917 ejusque
2036 1817 2207 1892 sunt
2235 1828 2566 1899 naturae
2597 1875 2620 1913 ,
2670 1830 2753 1891 ut
2804 1816 3078 1918 suapte
3136 1822 3216 1892 in
3265 1817 3506 1892 seduli
3583 1822 3924 1900 censoris

817 1956 1092 2032 oculos
1129 1957 1570 2046 incurrant,
1619 1958 1701 2028 in
1737 1979 1951 2031 nova
1987 1953 2143 2029 hac
2179 1956 2525 2031 editione
2563 1955 2876 2056 prorsus
2907 1957 3209 2029 intacta
3245 1922 3785 2053 permansere,
3837 1973 3922 2034 et

814 2106 1025 2166 totus
1059 2092 1196 2165 ille
1228 2114 1652 2165 numerum
1704 2116 1944 2193 grex,
2000 2097 2133 2191 qui
2170 2104 2308 2167 aut
2344 2104 2622 2192 aperte
2657 2090 2824 2165 falfi
2866 2089 3078 2183 sunt,
3144 2105 3280 2165 aut
3327 2095 3492 2188 jure
3545 2094 3923 2193 suspecti,

824 2250 1151 2327 quorum
1200 2229 1437 2327 copia
1472 2230 1905 2329 praecipue
1948 2228 2275 2325 Traiani
2334 2230 2762 2325 imperium
2811 2229 3288 2318 maculavit,
3325 2228 3575 2305 »suam
3663 2229 3922 2305 adhuc

818 2361 1229 2438 stationem
1268 2376 1651 2460 occupat,
1702 2366 1921 2439 nulla
1959 2366 2274 2461 adjecta
2311 2362 3015 2453 animadversione,
3067 2386 3270 2460 quae
3303 2365 3413 2471 ¹de
3453 2387 3729 2458 eorum
3767 2365 3922 2441 fide

821 2499 1183 2574 dubitare
1218 2495 1517 2593 jubeat,
1570 2513 1706 2573 aut
1752 2523 1956 2595 quae
1997 2518 2276 2571 veram
2309 2506 2717 2570 monetam
2751 2518 2802 2569 a
2851 2476 3523 2569 contorniatoruni
3558 2498 3919 2574 [ordibus

821 2633 1316 2708 discriminet.
1415 2631 1751 2705 Factum'
1805 2634 2047 2705 etiam
2111 2650 2716 2728 nonnunquam,
2805 2642 2889 2703 ut
2939 2629 3417 2704 adderentur
3503 2629 3928 2710 observata

819 2767 1059 2857 falsa,
1110 2740 1389 2866 quibus
1426 2780 1647 2870 caret
1690 2770 1955 2865 prima
1984 2765 2258 2843 editio.
2361 2764 2498 2839 Sic
2529 2791 2712 2866 pag.
2752 2789 2897 2859 313
2944 2766 3167 2868 legas
3213 2753 3637 2842 monitum}
3683 2760 3930 2844 Numi

826 2897 1244 3003 Elagabali
1302 2922 1467 2972 cum
1500 2900 1691 2981 ΤΒ.
1734 2899 1824 2976 Ρ.
1882 2902 1987 2977 V.
2018 2899 2256 2982 COS.
2288 2900 2463 2976 ΙΠῙ.
2501 2901 2624 2977 vel
2649 2895 3005 3001 mendosi,
3051 2898 3173 2973 vel
3205 2889 3610 2976 adulterini
3637 2917 3923 3005 putan-

718 3011 729 3019 ⁶
824 3052 993 3132 tur,
1044 3037 1144 3111 de
1183 3057 1515 3134 quorum
1556 3033 1920 3111 dubitare
1961 3061 2381 3112 numorum
2411 3021 2784 3142 veritate.
2835 3037 2968 3135 qui
3001 3035 3226 3110 obvii
3256 3037 3459 3126 sunt,
3512 3043 3922 3113 auctorem

828 3175 1085 3278 arguit
1118 3171 1299 3245 sane
1336 3172 1817 3268 imperitum.
1912 3171 2286 3271 Denique
2342 3159 2713 3272 exiguam
2757 3168 3025 3245 hercle
3077 3195 3128 3248 a
3174 3170 3410 3245 nobis
3458 3173 3717 3246 editor
3779 3174 3920 3247 ini-

828 3311 947 3383 vit
981 3301 1359 3407 gratiani,
1413 3305 1732 3403 quando
1769 3309 2084 3380 intactis
2129 3289 2473 3382 auctoris
2503 3307 2613 3382 sui
2661 3305 2973 3380 mendis
3018 3327 3177 3379 non
3221 3310 3527 3381 curavit
3585 3309 3921 3387 inserere

827 3457 1112 3518 numos
1147 3438 1879 3539 praestantissimos,
1933 3446 2065 3540 qui
2102 3443 2289 3520 inde
2335 3443 2745 3542 a'vulgato
2780 3435 3302 3514 Mediobarbi
3372 3442 3742 3544 catalogo
3803 3446 3924 3518 lu.

831 3604 1006 3654 cem
1046 3577 1369 3667 videre,
1422 3601 1473 3651 a
1506 3578 1692 3649 viris
1731 3547 2191 3666 illustribuS,
2242 3576 2624 3651 Morellio
2658 3578 2739 3648 in
2782 3576 3261 3675 specimine,
3311 3573 3924 3673 Haymi0,Ban-

832 3714 1081 3798 durio,
1105 3713 1441 3809 aliisque
1483 3731 1658 3785 cum
1696 3713 2001 3786 erudito
2043 3713 2238 3788 orbe
2275 3713 2854 3787 communicati.
2953 3709 3083 3784 Ex
3113 3734 3268 3807 quo
3294 3725 3656 3810 apparet,
3685 3738 3922 3812 quam
3991 3699 3998 3704 .

830 3847 1087 3923 futilia
1117 3847 1255 3920 fint
1306 3847 1449 3920 illa
1484 3846 1894 3946 promiss'a,
1947 3873 2154 3947 quae
2187 3837 2633 3949 Argelatus
2671 3847 2754 3918 iu
2806 3843 3329 3919 Mffliobarbi
3403 3847 3514 3920 sui
3581 3850 3922 3926 redivivi

828 3984 1088 4060 fronte
1124 3995 1340 4058 tanto
1382 4003 1560 4056 cum
1598 3981 1816 4057 hiatu
1857 3985 2135 4058 lectori
2180 3982 2563 4081 exposuit,
2596 4002 2989 4079 quamque
3031 4002 3315 4077 parum
3343 4006 3556 4060 novo
3590 3981 3747 4058 hoc
3786 4009 3924 4085 ap-

688 4117 693 4122 ’
831 4130 1117 4218 paratu
1170 4119 1734 4220 promovendis
1779 4118 2143 4214 scientiae
2176 4118 2480 4193 nostrae
2543 4118 2990 4192 commodis
3037 4115 3473 4192 consultum
3523 4116 3783 4193 fuerit.

926 4373 932 4384 ⁶
1027 4388 1211 4462 Non
1244 4390 1631 4477 maiorem
1660 4384 2205 4460 Mediobarbo
2259 4384 2499 4462 fidem
2546 4400 2948 4462 merentur
2979 4388 3079 4475 ii,
3133 4387 3265 4483 qui
3316 4408 3601 4488 numos
3661 4391 3928 4493 Augu-

828 4524 1110 4597 storum
1153 4536 1286 4597 aut
1321 4545 1422 4595 ex
1463 4522 1887 4622 corruptiS,
1941 4536 2075 4594 aut
2107 4522 2379 4596 saltem
2439 4522 2679 4602 valde
2727 4487 3088 4622 suspectis
3143 4521 3490 4600 fontibus
3540 4523 3869 4602 hausere
3906 4583 3929 4620 ,
