4225 5450
1464 522 1477 533 “
1572 560 2277 687 cA‘LIGvLA

346 764 580 831 matio
621 761 751 829 fuit
787 765 1089 840 ludicra,
1141 764 1422 849 perinde
1465 772 1549 828 ac
1585 764 1741 826 teste
1766 763 1875 824 Io-

340 881 533 924 anne
561 859 994 927 'Antiocheno
1028 859 1211 921 idem
1255 859 1565 944 Caligula
1609 881 1696 923 ex
1754 862 1874 922 ad-

284 956 684 1037 [ulteriiss
727 955 967 1039 quibus
1037 950 1338 1028 Galliam
1421 975 1734 1031 omnem,
1809 966 1875 1015 et

338 1052 777 1113 Britanniam
806 1048 1208 1134 subegerat,
1257 1054 1603 1133 imperator
1658 1051 1873 1133 saepi-

340 1166 429 1209 us
454 1192 475 1222 ,
533 1159 600 1208 et
638 1147 1081 1222 Germanicus,
1151 1157 1217 1205 et
1274 1146 1681 1209 Britannicus
1713 1224 1719 1231 ⁹
1750 1166 1867 1230 ap-

343 1240 650 1324 pellatus
692 1239 800 1303 est.
832 1237 894 1320 ²)
946 1239 1081 1302 Sed
1113 1239 1284 1301 haec
1321 1240 1692 1303 scommata
1726 1260 1867 1302 mo·

340 1348 580 1399 netam
622 1335 967 1425 publicam
1011 1355 1149 1397 non
1194 1334 1657 1418 inquinavere.
1714 1337 1867 1418 Quo

338 1428 535 1493 sensu
594 1434 658 1493 in
723 1431 1066 1515 praesente
1160 1448 1371 1495 numo
1458 1431 1867 1494 vocabulum

339 1525 903 1590 IMPERATOR
954 1528 1365 1610 accipiatur,
1439 1547 1574 1589 non
1628 1527 1864 1609 liquet.

218 1644 223 1653 ³
342 1620 436 1682 In
481 1624 706 1685 citatis
752 1622 1145 1704 Hispaniae‘
1178 1624 1397 1687 nuruis
1450 1624 1868 1708 cognominis

341 1714 584 1780 locum
648 1717 929 1780 obtinet.
1052 1715 1263 1781 AVG.
1313 1721 1529 1803 partis
1592 1718 1866 1781 aversae

339 1810 490 1897 legi
520 1813 748 1895 nequit
790 1808 1187 1893 AVGustus,
1252 1832 1402 1874 cum
1457 1813 1568 1876 hic
1630 1814 1865 1876 titulus

333 1908 490 1986 jam
577 1908 892 1979 anticam,
921 1920 1241 1990 occupet3
1319 1924 1481 1992 ergo
1554 1906 1865 1985 AVGur‚

342 2002 634 2092 perinde
675 2022 756 2086 ac
792 2002 1074 2085 legimus
1110 2002 1177 2064 in
1232 2004 1452 2064 numis
1485 2004 1867 2090 Vespasiani

343 2094 693 2160 AVGVR.
735 2098 939 2161 PON.
969 2098 1244 2173 'MAX.‚
1297 2098 1456 2179 quin
1495 2111 1562 2160 et
1602 2102 1669 2161 in
1741 2119 1863 2160 nu-

345 2192 485 2252 mis
520 2192 897 2257 succefforis
955 2190 1244 2256 Claudii.
1346 2190 1522 2254 Istud
1555 2196 1625 2256 in
1672 2213 1862 2277 prae·

348 2286 647 2352 sentibus
685 2289 908 2351 numis
947 2300 1154 2371 typus
1187 2288 1333 2350 litui
1379 2300 1572 2350 tanto
1619 2292 1865 2351 certius

346 2377 617 2447 stabilit.

923 2528 951 2559 4
1068 2537 1075 2545 ·
1280 2528 1307 2555 2

638 2573 724 2637 C.
781 2571 1150 2636 CAESAR.
1180 2572 1387 2635 AVG.
1417 2569 1867 2637 GERMANI-

648 2670 838 2734 CVS.
882 2668 1084 2733 PON.
1136 2669 1233 2731 M.
1294 2669 1443 2739 TR.
1497 2669 1702 2732 POT.
1786 2668 1886 2734 In.

643 2767 830 2838 atiis:
877 2764 1028 2827 ΤΒ.
1066 2766 1142 2826 Ρ.
1186 2766 1306 2826 111.
1360 2761 1458 2827 vel
1490 2764 1657 2829 11111.
1693 2764 1864 2828 P.P.

278 2934 284 2939 ,
653 2863 851 2943 Caput
885 2861 1251 2923 laureatum.

306 3029 313 3033 ,
356 2955 824 3023 ADLOCVT.
860 2953 1068 3016 COl-l.
1114 2954 1469 3038 Imperator
1494 2954 1869 3039 insuggestu

329 3057 521 3142 stans
551 3050 985 3134 dexteramque
1021 3047 1270 3112 tendens
1327 3052 1593 3134 quinque.
1643 3050 1866 3114 milites

351 3171 489 3214 cum
529 3147 755 3234 aquilis
792 3146 1096 3231 afflantes
1138 3145 1518 3229 adloquitur.
1623 3146 1769 3210 AE.
1815 3149 1863 3207 1.

351 3241 564 3330 (Mus.
607 3242 798 3315 Caes,
852 3240 1157 3323 Theup.)

453 3338 862 3425 Schlegelius
898 3355 1254 3400 numorum
1304 3336 1865 3400 Morellianorum

352 3436 688 3519 interpres
731 3433 983 3511 censet,
1038 3444 1206 3516 typo
1242 3432 1529 3497 *aversae
1584 3431 1867 3516 intelligi

354 3533 753 3593 concionem
777 3576 794 3604 ‚
849 3548 1053 3612 quam
1091 3523 1334 3593 habuit
1369 3526 1680 3611 Caligula
1711 3546 1866 3589 con-

348 3625 577 3688 scenso
609 3621 900 3708 suggestu
945 3624 1012 3685 in
1076 3626 1303 3687 medio
1346 3626 1614 3708 pontia,
1667 3642 1864 3704 quem

3328 548 3459 641 22}

1959 760 2783 845 pontem‘expeditionem
2826 763 2965 826 Dio
2999 763 3272 831 biennio
3318 769 3466 852 post
3553 796 3556 799 ’

1958 869 2270 934 enarrat,
2322 870 2525 941 atque
2585 858 2697 920 etsi
2784 860 3017 921 demus
3051 907 3070 936 ,
3158 864 3462 927 orniss'um

1954 951 2136 1014 forte
2189 970 2540 1014 numerum
2575 953 2729 1016 trib.
2769 954 3153 1036 potestatis,
3232 972 3462 1023 tamen

1956 1058 2210 1109 certum
2247 1044 2334 1108 est
2361 1092 2380 1121 ,
2434 1047 2499 1109 in
2536 1051 2753 1111 numis
2787 1052 2867 1111 V.
2910 1047 2985 1113 C.
3024 1068 3158 1131 792
3203 1054 3459 1136 percus-

1952 1140 2031 1203 sis
2076 1160 2416 1224 nunquam
2448 1143 2667 1206 abesse
2701 1145 2970 1207 titulum
3024 1145 3100 1210 P.
3165 1149 3276 1224 P..
3348 1150 3464 1233 qui

1951 1236 2018 1298 in
2060 1234 2303 1299 horum
2354 1257 2488 1300 non
2525 1241 2760 1323 paucis
2798 1237 3019 1316 abest,
3071 1254 3138 1303 et
3175 1242 3306 1305 hoc
3344 1264 3457 1307 an-

1951 1351 2040 1394 no
2081 1352 2218 1394 non
2251 1333 2542 1417 amplius
2585 1338 2725 1416 ejus
2761 1336 2974 1398 titulis
3000 1337 3302 1400 additum
3341 1359 3455 1402 no-

1955 1444 2103 1488 men
2152 1429 2576 1512 Germanici..
2648 1427 2920 1493 Certum
2960 1450 3120 1514 ergo
3156 1433 3279 1510 est,
3336 1455 3457 1516 nu-

1950 1540 2099 1585 mos
2134 1521 2330 1604 hujus
2364 1527 2738 1610 argumenti
2795 1547 2946 1590 cum
2985 1528 3196 1590 citata
3237 1529 3372 1592 hac
3391 1551 3455 1592 e-

1949 1617 2277 1703 pigraphe
2308 1618 2593 1703 signatos
2627 1614 2847 1706 primo
2886 1625 3024 1705 ejus
3052 1622 3320 1707 imperii
3344 1645 3456 1689 an-

1948 1732 2041 1775 no
2074 1761 2095 1791 ,
2148 1722 2213 1774 et
2249 1713 2432 1776 haud
2471 1716 2674 1778 dubie
2710 1717 3000 1781 indicari
3034 1720 3455 1796 concionem,

1946 1808 2018 1871 in
2055 1827 2190 1893 qua
2223 1810 2580 1872 adlocutus
2617 1810 2708 1873 est
2732 1814 3044 1903 cohortee
3083 1817 3455 1897 praetoria·
3565 1834 3566 1837 ’

1951 1923 2109 1979 nae,
2167 1922 2318 1963 cum
2368 1905 2658 1986 primum
2705 1910 3157 1991 principatum
3200 1911 3456 1991 adivit,
3529 1960 3536 1965 .

1949 1999 2444 2083 repetitumque
2495 1999 2695 2064 serius
2732 2006 3015 2066 eundem
3048 1999 3456 2087 typum,'seu
3507 2011 3516 2020 '
3551 2014 3558 2018 ’

1951 2095 2134 2176 quod
2162 2091 2484 2176 pleraque
2526 2086 2678 2158 suae
2719 2112 3032 2161 monetae
3062 2113 3459 2182 argumenta

1947 2184 2243 2250 restituta
2273 2186 2755 2271 saepenumero
2787 2191 2953 2268 sunt,
2992 2194 3097 2254 seu
3132 2196 3315 2275 quod
3338 2195 3457 2257 ali-

1950 2303 2026 2345 as
2047 2301 2318 2364 quoque
2338 2282 2651 2346 cohortes
2673 2286 2822 2350 suas
2845 2288 3171 2349 meditata
3206 2290 3457 2350 oratio·

1946 2398 2030 2440 ne
2054 2375 2142 2439 est
2173 2376 2553 2454 adlocutu8‚
2581 2392 2653 2441 ut
2687 2401 2925 2447 revera
2944 2402 3093 2444 eum
3113 2380 3299 2444 fuisse
3318 2383 3457 2443 elo·
3483 2433 3488 2437 .

1951 2484 2263 2556 quentem
2282 2492 2417 2535 non
2446 2474 2781 2538 inficiatur
2799 2478 3109 2551 TacituS,
3130 2476 3189 2555 ὲ)
3223 2478 3458 2539 Sueto-

1950 2570 2134 2643 nius,
2190 2558 2253 2648 d)
2306 2582 2371 2631 et
2428 2570 2750 2654 Iosephus
2784 2598 2822 2647 ,·
2853 2567 2916 2653 ⁴²)
2981 2575 3165 2653 cujus
3220 2573 3462 2636 ridicu-

1950 2665 2086 2728 lum
2131 2665 2512 2749 exemplum
2547 2670 2866 2751 proponit
2903 2667 3063 2730 Dio.
3086 2656 3140 2748 f)
3188 2668 3294 2730 Ex
3316 2688 3458 2731 om·

1949 2758 2146 2824 nibus
2185 2760 2378 2842 hujus
2425 2764 2684 2844 generis
2718 2768 2936 2827 numis
2971 2761 3152 2826 abest
3187 2775 3354 2827 nota
3389 2766 3458 2829 S.

1953 2855 2040 2921 C.-
2133 2862 2236 2921 An
2278 2859 2463 2938 quod
2503 2876 2637 2920 non
2699 2859 2975 2941 jubente
3033 2858 3303 2939 senatu,
3354 2860 3464 2924 sed

1948 2952 2258 3036 principe
2295 2952 2585 3035 percussi
2627 2953 2811 3031 sunt,
2888 2955 3000 3039 qui
3045 2954 3221 3017 inter
3267 2975 3462 3040 prae·

1950 3048 2255 3109 torianos
2289 3047 2795 3112 dividerentur?
2845 3051 2976 3113 Hic
3001 3049 3464 3116 adlocutionis

1949 3141 2262 3204 militaris
2316 3142 2482 3204 ritus
2537 3159 2708 3207 nunc
2767 3147 3056 3229 primum
3129 3147 3460 3222 occurrit,
3567 3218 3578 3234 .
3691 3221 3698 3228 ,

1946 3236 2210 3321 saepius
2246 3234 2522 3298 subinde
2559 3239 2628 3300 in
2667 3221 3155 3324 imperatorum
3186 3253 3466 3304 moneta
3539 3283 3552 3292 -

1946 3335 2306 3396 rediturus.
2433 3333 2926 3416 Adloquentem
2971 3348 3122 3397 tum.
3183 3338 3459 3400 vendere

1950 3429 2296 3490 dexteram
2335 3426 2595 3490 solitum
2648 3426 2874 3506 fuisse,
2922 3434 3062 3512 jam
3132 3432 3459 3500 indicavit

1950 3522 2190 3585 Cicero
2248 3525 2314 3584 in
2372 3521 2734 3586 Gabinium
2794 3524 3139 3588 invectus:
3209 3526 3268 3607 ὅ)
3328 3545 3460 3590 cum

1941 3619 2156 3703 palam
2236 3619 2454 3702 populi
2538 3612 2808 3684 Rombm‘
2889 3622 3232 3706 imperator
3254 3668 3272 3699 ,
3347 3627 3450 3686 in-

348 3740 478 3806 per
513 3717 815 3779 stolidum
853 3719 1189 3802 ingenium
1246 3721 1419 3782 mari
1467 3717 1786 3780 Puteolos
1825 3738 1867 3780 a
1926 3719 2170 3802 structo
2217 3722 2530 3791 exercitu,
2599 3715 2931 3782 dexteram
2978 3715 3264 3794 tendens,
3335 3739 3460 3783 non

354 3813 593 3878 Baulis
634 3812 969 3874 dirimenti
1002 3812 1336 3896 imposuit,
1390 3816 1573 3898 quod
1606 3811 1865 3876 factum

355 4114 547 4163 cente
585 4096 954 4184 epigraphe
988 4097 1220 4179 signati
1250 4099 1393 4161 sunt
1425 4101 1492 4160 in
1529 4103 1677 4180 ejus
1705 4097 1859 4160 trib.

352 4194 823 4278 potestate1.,
878 4212 1053 4276 quae
1135 4193 1371 4255 incidit
1454 4195 1518 4253 in
1611 4212 1858 4253 annum

350 4292 435 4350 V.
483 4289 560 4375 C.
599 4310 779 4373 790,
825 4302 897 4352 at
952 4307 1128 4350 enim
1197 4285 1504 4350 stolidam
1549 4289 1687 4364 ejus
1739 4307 1863 4370 per

416 4527 470 4588 a)
510 4523 686 4576 Excer

347 4594 398 4658 e)
442 4595 554 4646 Ant
613 4535 766 4646 hi‘pt.
808 4526 1028 4582 Peiresc.
1065 4547 1124 4599 p,
1163 4540 1285 4596 305,

770 4594 832 4646 L.
872 4597 1033 4658 xlx,
1073 4616 1117 4650 c.
1158 4616 1204 4651 2.
1245 4598 1273 4666 §
1312 4600 1361 4648 6.

1849 4568 1862 4580 .
1926 4555 1929 4556 ⁷
1972 4548 2050 4594 17·
2287 4528 2345 4594 c)
2381 4530 2528 4581 Anu.
2573 4528 2825 4594 xl11.73.

1947 3811 2034 3875 ad
2088 3808 2328 3874 laudem
2367 3810 2590 3874 milites
2637 3809 3033 3892 hertaretur,
3081 3812 3199 3900 sed
3248 3818 3454 3880 omnia

216 3917 221 3922 ’
346 3913 593 3986 narrat
624 3906 783 3970 Dio.
831 3894 897 3986 b)
994 3908 1244 3970 Verum
1288 3921 1664 3995 repugnant
1698 3920 1863 3970 tem·
1928 3905 2052 3994 sthi
2100 3915 2400 3989 aemma
2430 3914 2488 3968 et
2525 3908 2770 3972 emenda
2801 3908 2902 3996 affe
2945 3909 3259 3975 clamaret.

348 4024 545 4090 pora.
650 4000 1051 4085 Complures
1103 4003 1171 4064 id
1223 4024 1427 4088 genus
1496 4005 1679 4066 numi
1745 4004 1863 4066 do·
1987 4084 1990 4088 .

2235 4002 2471 4067 Eadem
2503 4003 2859 4087 epigraphe.
2956 4007 3038 4096 ln
3077 4005 3220 4069 aliis
3236 4021 3259 4060 ··
3297 4005 3447 4069 TR.

2234 4097 2309 4162 P.
2351 4097 2470 4162 ΙΙΙ.
2516 4097 2669 4159 1111.
2731 4100 2933 4182 Caput
2980 4098 3232 4163 nudum.

1942 4195 2257 4258 VEST-A.
2301 4192 2367 4256 S.
2407 4190 2482 4255 C.
2527 4193 2894 4282 Dease’dens
2934 4197 2996 4260 d.
3026 4204 3352 4276 pateram,
3385 4194 3448 4279 s.

1939 4294 2190 4367 hastam.
2294 4288 2435 4351 AE.
2476 4292 2558 4355 11.
2610 4290 2811 4374 (Mus.
2851 4285 3068 4369 Caes.)

3058 4527 3117 4592 d)
3180 4527 3320 4600 Cap,
3356 4543 3442 4597 53.

2123 4611 2142 4632 -
2244 4601 2298 4668 g)
2340 4595 2410 4651 de
2451 4597 2699 4651 Provinc.
2736 4594 2880 4655 cons,
2921 4613 2965 4651 c.
3002 4611 3050 4660 4-
