4225 5450
1435 554 2172 672 AvcvsTvsL

260 798 440 879 7‘1'5,
499 805 638 879 quo
670 784 951 882 posuiss'e
990 783 1280 859 barbam
1328 778 1553 859 scribit
1585 791 1764 868 Dio,

264 902 334 953 et
369 901 646 975 praeter
680 891 1146 953 Romanorum
1208 888 1571 954 institutum
1629 883 1761 963 est,

260 997 331 1047 et
370 985 561 1048 nullo
597 996 805 1071 pacto
837 984 1213 1051 verisimile.
1335 985 1516 1077 Quip
1577 982 1758 1047 idem

255 1080 439 1161 Dio,
491 1099 646 1143 cum
685 1077 945 1159 factum
981 1077 1148 1144 istud
1207 1079 1559 1157 describit,
1608 1094 1761 1140 eam

254 1172 595 1259 peristafin
626 1187 906 1259 propter
958 1176 1059 1238 rei
1130 1176 1554 1239 insolentiam
1624 1188 1763 1234 non

254 1268 761 1347 dissimulasset,
813 1269 857 1331 si
898 1289 1081 1334 mors
1106 1270 1267 1333 iulii
1304 1272 1443 1350 eius
1501 1264 1761 1354 squalo-

251 1365 349 1427 ris
389 1364 655 1427 tamdiu
701 1366 946 1428 retenti
979 1364 1179 1428 causa
1224 1364 1577 1428 exstitisset.
1643 1365 1766 1426 At-

256 1478 390 1543 que
429 1459 604 1522 haec
643 1458 801 1543 ipsa
828 1460 1085 1522 omislio
1120 1459 1457 1523 luculente
1506 1456 1764 1542 arguit,

258 1553 532 1617 causam
554 1601 576 1632 ,
627 1572 744 1616 cur
779 1554 1064 1618 barbam
1096 1555 1393 1638 posuerit
1414 1602 1436 1633 ,
1483 1552 1673 1617 fuisse
1695 1552 1767 1614 in

256 1650 503 1734 vulgus
542 1649 883 1733 cognitam
908 1695 928 1727 ,
980 1662 1047 1712 et
1080 1649 1336 1734 ⁴passim
1367 1661 1710 1736 receptam
1742 1693 1763 1725 ,

260 1763 446 1827 quae
484 1743 659 1807 adeo
704 1746 1075 1809 memorari
1156 1762 1293 1809 non
1376 1755 1766 1810 mereretur.

256 1839 437 1927 Eam
471 1837 680 1902 facile
716 1841 983 1923 reperio
1014 1841 1085 1902 in
1127 1843 1443 1921 juvenum
1511 1842 1767 1903 Roma·

242 1951 505 1997 norum
536 1932 1048 2012 conmetudine,
1102 1937 1217 2019 qui
1267 1936 1553 2000 barbam
1583 1933 1767 1998 alere

260 2030 355 2091 ad
394 2029 652 2092 certam
682 2048 893 2114 usque
935 2042 1231 2094 aetatem
1273 2029 1619 2109 solebant,
1668 2030 1767 2093 ni·

264 2124 511 2186 mirum
550 2123 642 2186 ad
707 2143 955 2187 annum
1004 2145 1217 2209 usque
1258 2126 1404 2190 XX.
1429 2173 1448 2204 ,
1500 2138 1622 2190 aut
1651 2124 1770 2187 eti·

262 2239 378 2281 am
415 2221 613 2281 ultra.
679 2214 685 2221 ’
762 2220 1025 2305 Pagius·
1081 2221 1363 2285 nimium
1412 2221 1614 2283 anxie
1649 2238 1766 2282 an-

261 2334 354 2377 no
389 2314 603 2387 xxn,
650 2313 951 2377 'barbam
1023 2317 1172 2380 radi
1228 2316 1492 2379 solitam
1553 2312 1765 2378 adfir-

261 2421 443 2487 mat,
486 2406 562 2480 Ψ)
614 2409 811 2472 nixus
850 2408 1224 2475 testimonio
1243 2410 1621 2474 Macrobii:
1671 2417 1771 2472 ter

236 2506 669 2592 sepiendum
697 2524 1014 2570 numerum
1047 2509 1285 2592 requiri
1316 2505 1405 2570 ad
1431 2504 1770 2571 radendam

264 2597 551 2667 barbam.
654 2601 905 2662 Verum
948 2621 1084 2664 non
1118 2603 1250 2664 hoc
1302 2602 1467 2665 dicit
1498 2601 1769 2665 Macro·

262 2696 419 2762 bins
444 2743 464 2774 ,
519 2696 672 2785 sed:
725 2694 870 2781 Post
904 2706 1001 2761 ter
1031 2697 1316 2784 ᾑρέθησα-
1356 2716 1558 2762 annos
1603 2696 1771 2782 flore

257 2813 467 2878 genas
494 2793 671 2883 υςβὶτ
686 2793 970 2876 Juventa.
1022 2782 1080 2868 ι’)
1173 2795 1400 2876 Atque
1432 2793 1608 2855 hunc
1628 2811 1771 2856 mo·

3254 610 3348 678 77

1937 773 2048 855 1112
2082 782 2260 851 metit
2293 761 2562 851 'barbam
2580 829 2602 866 ‚
2671 778 2900 852 ‘co-'inem
2945 774 3047 851 'hic
3099 782 3350 873 deponit
3401 814 3408 823 ·

2913 886 3154 965 amati,

1936 976 2135 1044 Ptm
2177 974 2393 1049 domus
2440 978 2585 1046 libis
2629 976 2980 1045 venatibus„

1842 1073 2105 1157 Quibus
2144 1095 2308 1139 vero
2341 1077 2796 1154 caerimoniis,
2849 1089 2916 1138 et
2955 1090 3090 1156 qua
3123 1058 3343 1158 publi·

1842 1189 1927 1233 ca
1967 1169 2362 1233 solennitate
2393 1170 2505 1233 hic
2540 1190 2689 1235 mos
2721 1192 2764 1234 a
2803 1169 3217 1256 principibus
3234 1167 3344 1232 fu-

1843 1266 1972 1328 erit
2008 1263 2426 1341 celebratus,
2480 1265 2570 1329 ab
2611 1266 2920 1349 inspectis
2986 1276 3343 1327 auctorum

1842 1358 2053 1437 locis,
2106 1379 2277 1443 quos
2322 1361 2530 1425 modo
2574 1362 2784 1426 citavi
2812 1408 2833 1440 ,
2899 1373 3044 1425 tum
3092 1370 3166 1423 et
3204 1379 3288 1423 eo
3316 1406 3340 1437 ,

1844 1455 2027 1537 quod
2073 1456 2158 1517 de
2191 1455 2464 1520 Nerone
2501 1469 2731 1541 narrat
2769 1458 2911 1520 Dio
2943 1503 2965 1534 ,
3015 1450 3079 1535 ⁸)
3142 1467 3341 1542 poten

1843 1550 2113 1614 erudiri.
2215 1549 2517 1616 Similem
2550 1573 2806 1616 morem
2829 1548 3104 1617 valuiss'e
3134 1552 3343 1615 etiam

1841 1645 2030 1729 apud
2069 1642 2534 1732 Hieropolitas
2564 1646 2810 1732 Syros,
2858 1643 3170 1733 perhibet
3209 1645 3366 1709 Lu-.

1844 1741 2096 1804 cianus.
2147 1731 2234 1821 ¹¹),
2265 1740 2451 1804 Idem
2504 1761 2662 1828 ergo
2697 1745 2782 1806 de
2823 1743 3202 1827 principum
3239 1741 3348 1825 ju·

1841 1855 2091 1899 venum
2137 1834 2426 1900 barbula
2476 1837 2888 1902 sentiendum
2923 1885 2944 1916 ,
3014 1837 3199 1922 quod
3256 1835 3344 1899 de

1842 1930 2069 1996 verbis
2117 1928 2463 1995 Ciceronis
2479 1981 2504 2017 ,
2553 1953 2706 1998 cum
2758 1933 2816 1998 is
2868 1934 3071 1998 dixit:
3154 1931 3347 2018 nffri

1841 2028 1938 2115 {fii
1984 2018 2301 2090 barbatuli
2320 2027 2600 2111 juvenes.
2654 2029 2702 2108 ἰ)
2799 2028 2892 2092 At
2925 2049 3078 2094 cum
3112 2027 3345 2092 videa-

1846 2142 1996 2184 mus
2049 2140 2136 2182 ex
2192 2122 2455 2199 numis,
2525 2122 2980 2188 Octavianum
3038 2124 3290 2186 diutius
3319 2168 3343 2199 ,

1846 2234 2053 2301 quam
2093 2212 2263 2278 istud
2310 2216 2424 2279 vel
2471 2217 2656 2280 dicta
2709 2219 3113 2283 consuetudo
3147 2265 3167 2295 ,
3234 2217 3349 2280 vel

1842 2310 2087 2374 Dionis
2132 2307 2578 2373 testimonium
2610 2315 3022 2398 permittunt,
3040 2308 3347 2376 ‘barbam

1844 2403 2249 2491 promisisse,
2322 2406 2530 2469 aliam
2594 2410 2731 2486 ejus
2790 2407 3176 2493 explicandi
3236 2422 3349 2470 ar-

1847 2499 2223 2565 celrendam
2269 2501 2394 2563 esl'e
2426 2502 2692 2565 causam
2735 2503 3059 2588 intelligo.
3161 2496 3382 2565 Veri·-

1846 2593 2055 2659 simile
2089 2596 2268 2657 enim
2305 2592 2429 2673 est,
2480 2595 2695 2682 posita
2732 2594 2931 2673 semel
2965 2619 3051 2662 ex
3083 2594 3376 2687 consueffi

1845 2690 2079 2755 tudine
2113 2690 2339 2775 prima
2369 2690 2599 2756 'barba
2628 2739 2649 2771 ,
2717 2692 2953 2780 paullo
3015 2691 3160 2779 post
3196 2706 3353 2756 ean·
3417 2737 3424 2744 -

1850 2787 2006 2850 dem
2027 2785 2385 2850 'rev'ocass'e
2423 2789 2621 2852 causa
2653 2788 2869 2852 luctus
2891 2788 3180 2875 publici.
3242 2783 3357 2852 'sie

258 2908 409 2952 rem
443 2900 701 2951 certum
731 2884 819 2949 est
849 2886 1559 2972 a³juvenibusquoque
1591 2888 1772 2970 prin·
1854 2894 1922 2944 et
1954 2882 2036 2944 de
2067 2882 2119 2947 1.
2141 2880 2424 2945 Caesare
2461 2882 2683 2947 scribit
2701 2878 3193 2967 Suetonius:‚¹¹)
3244 2899 3355 2949 au·

260 2967 557 3067 cipibus*
573 2980 779 3046 -fuiss'e
830 2981 1277 3046 observatum.
1408 2981 1774 3045 Octaviani
1851 2977 1989 3041 dita
2025 2976 2194 3040 clade
2249 2979 2584 3042 Tituriana
2644 2980 2921 3045 'barbam
2993 2981 3359 3066 capiffosque

260 3077 659 3163 exemplum
693 3095 779 3137 ex
810 3075 1033 3139 Dione
1071 3077 1403 3143 dedimus,
1500 3076 1611 3139 De
1647 3073 1773 3139 Ca·
1832 3073 2168 3160 summisit,
2218 3090 2324 3136 nec
2369 3083 2511 3137 ante
2558 3073 2834 3163 dempsit,
2913 3091 3098 3162 quam
3147 3073 3361 3140 vindi-

260 3172 483 3258 ligula
500 3183 751 3235 -narrat
796 3170 1196 3249 Suetonius,
1244 3169 1305 3253 ο)
1357 3191 1509 3235 eum
1581 3183 1775 3236 aeta·
1851 3167 2048 3258 elffii.
2142 3168 2228 3231 Et
2263 3168 2347 3230 de
2381 3168 2523 3252 ipro
2560 3169 2987 3249 Octaviano,
3059 3169 3169 3235 sed
3216 3171 3358 3251 iam

258 3268 353 3331 tis
386 3283 569 3332 anno
607 3266 751 3329 XX.
795 3265 1117 3352 sumpsisse
1163 3279 1441 3351 togam,
1518 3278 1587 3330 et
1652 3287 1773 3353 po·
1856 3259 2194 3350 Augusto:
2265 3256 2318 3346 ¹)
2385 3266 2537 3328 ‘adeo
2614 3285 2872 3352 namque
2920 3269 3362 3358 coquet-natum

260 3360 789 3428 ruine-barbam
813 3407 834 3439 ,
868 3373 954 3423 ·et
995 3362 1079 3423 de
1117 3353 1539 3443 Nerone,''¹)
1578 3362 1776 3427 idem
1840 3361 2070 3448 ferunt
2117 3357 2347 3443 (clade
2381 3357 2707 3434 Variana)
2756 3367 2830 3424 u't
2881 3382 2998 3447 per
3039 3365 3360 3426 continuos

265 3457 364 3522 ab
407 3476 493 3521 eo
523 3454 714 3519 fuisl'e
758 3454 1019 3520 factum
1081 3466 1308 3519 aetate
1344 3459 1580 3543 ‘magis
1610 3478 1776 3544 pro·
1854 3456 2077 3541 menses
2104 3455 2306 3520 barba
2338 3455 2662 3541 capilloque
2686 3447 2991 3545 summzssb
3039 3454 3354 3542 caputiu-

264 3564 515 3630 vecta,
566 3571 811 3642 nempe
842 3569 1020 3614 anno
1041 3551 1302 3628 XXIL,
1356 3563 1423 3615 et
1459 3571 1611 3616 cum
1645 3558 1776 3617 Ru·
1859 3551 2098 3616 ter-dum
2125 3550 2386 3635 foribus
2425 3550 2698 3615 iffideret.
2797 3551 3022 3615 Etiam
3067 3547 3170 3616 M.
3225 3560 3357 3616 An·

260 3645 490 3736 gustus
514 3650 657 3730 jam
689 3644 912 3709 fuiffet
936 3692 956 3723 ,
1022 3646 1204 3731 quod
1260 3646 1469 3731 ipsum
1508 3650 1778 3726 fnumis
1858 3647 2119 3710 tonium
2149 3643 2292 3731 post
2330 3644 2589 3708 cladem
2622 3645 3057 3709 Mutinensem
3100 3649 3353 3733 promi-

266 3762 551 3832 quoque
587 3741 941 3826 praeclare
1002 3738 1460 3807 confirmatur.
1577 3744 1780 3826 Quin
1860 3741 1992 3804 fisse
2032 3738 2355 3815 barbam,
2408 3737 2615 3804 tradit
2656 3735 3093 3826 Plutarchus,
3127 3740 3205 3826 ¹¹³)
3257 3747 3357 3807 a't·
3391 3811 3409 3829 ,

257 3837 819 3923 et'Elagabalum
856 3835 1079 3899 adbuc
1116 3835 1273 3900 huic
1324 3836 1780 3902 consuetudini
1862 3853 1990 3920 que
2025 3836 2208 3897 idem
2248 3833 2469 3898 fecisse
2510 3836 2840 3900 Catonem
2877 3839 2943 3900 in
2981 3838 3217 3901 Africa
3240 3860 3358 3901 au·
3457 3825 3466 3834 ’

259 3932 812 4017 obtemperasse,
884 3950 971 3993 ex
1031 3931 1257 3994 Dione
1309 3932 1658 3997 discimus.
1713 3933 1775 4014 ἒ)
1860 3934 2004 3996 dita
2050 3932 2314 3991 suorum
2370 3933 2552 4015 apud
2601 3928 2944 4017 Thapsum
3003 3935 3353 3997 calamita-

254 4027 493 4092 Fuisl'e
530 4045 685 4089 eum
725 4026 944 4102 diem,
1011 4043 1147 4107 quo
1193 4026 1484 4111 primum
1525 4028 1780 4091 resecta
1854 4024 2044 4106 te,'¹¹)
2099 4025 2347 4088 Luctus
2391 4026 2458 4089 in
2492 4023 2876 4091 Octaviano
2911 4028 3164 4112 publici
3205 4050 3357 4090 cau-

254 4121 897 4198 barba,··laetitiae
932 4119 1232 4201 sacrum,
1281 4121 1515 4187 docuit
1584 4123 1776 4186 luve-
1860 4121 1930 4184 sa
1983 4121 2107 4184 ess‘e
2175 4121 2406 4205 potuit
2454 4121 2804 4184 inimicitia
2858 4122 3010 4186 Sex.
3055 4119 3360 4206 PompeJi

246 4219 481 4281 malis:
536 4206 586 4293 ἶ)
1861 4227 2176 4279 non-tam
2219 4215 2371 4292 sibi,
2427 4235 2630 4298 quam
2673 4216 2821 4278 urbi
2860 4220 3113 4302 gravi5‚
3165 4220 3362 4280 iuter-

336 4420 394 4482 ε)
432 4421 563 4478 Crit.
601 4419 732 4474 Bar.
767 4418 843 4473 ad
875 4435 1009 4475 ann.
1047 4420 1171 4474 Chr.
1243 4425 1295 4476 6.
1469 4420 1527 4485 b)
1566 4420 1757 4475 Somn.
1793 4422 1939 4494 Scip.
1980 4424 2042 4476 L.
2079 4425 2128 4481 Ι.
2167 4440 2213 4481 e.
2251 4425 2305 4482 6.
2479 4426 2527 4488 e)
2567 4423 2644 4475 Ca
2692 4459 2705 4475 .
2749 4439 2834 4492 ¹⁰·,
3000 4421 3057 4487 d)
3094 4423 3232 4495 Cap.
3279 4443 3356 4479 η.

246 4490 321 4553 e)
367 4487 429 4539 L.
466 4481 806 4557 Lxxlx.,§
848 4502 931 4551 14,
1120 4489 1165 4554 f)
1204 4440 1321 4550 gat,
1357 4489 1463 4547 111.
1500 4509 1555 4546 v.
1597 4493 1711 4552 186.
1896 4495 1953 4560 g)
1978 4494 2055 4546 L.
2090 4492 2246 4546 LXI.
2283 4493 2315 4560 §
2357 4507 2434 4561 19.
2649 4439 2716 4558 E)
2757 4491 2826 4561 ἀρ
2862 4489 2970 4543 dea
3011 4494 3168 4562 Syria
3206 4496 3257 4544 in
3301 4495 3356 4546 fi-

238 4573 371 4618 ne,
522 4595 527 4600 .
574 4558 623 4622 i)
661 4555 736 4608 ad
775 4556 1035 4620 mund..
1071 4557 1122 4622 1.
1160 4573 1250 4631 cp.
1291 4560 1371 4616 16.
1580 4557 1656 4628 Ἣ)
1694 4560 1831 4633 Cap.
1870 4562 1962 4644 ὅγ’.
2153 4559 2197 4630 Ι)
2237 4551 2375 4633 Cap.
2413 4576 2503 4629 23.
2692 4566 2774 4630 m)
2804 4564 2863 4615 in
2897 4564 3105 4616 Amen.
3135 4581 3198 4637 p.
3236 4582 3356 4636 9²3·

220 4627 316 4694 m)
360 4626 422 4677 in
460 4623 674 4679 Catone
706 4626 839 4680 min.
