4225 5450
1466 522 2294 612 HADRIANVS.

323 733 540 798 lidum
607 727 803 792 addit
882 725 1236 789 Hadriano
1266 773 1286 802 ,
1338 728 1592 791 necesse
1673 727 1839 807 erit,

326 826 730 896 tantundem
779 823 1109 906 temporis
1159 822 1459 885 adimere
1496 823 1841 898 successori

325 923 719 997 Antonino,
776 930 1034 981 actum
1083 917 1368 994 viderit,
1418 919 1490 981 in
1555 937 1727 1003 quos
1781 918 1841 981 se

325 993 613 1102 laqueos
652 1015 965 1079 induerit.
1065 1011 1343 1089 Recole,
1367 1033 1549 1096 quae
1584 1016 1653 1077 in
1688 1032 1841 1099 par.

326 1126 394 1178 te
432 1113 487 1180 1.
530 1111 724 1194 hujus
760 1108 991 1192 operis
1025 1106 1114 1169 ad
1165 1126 1407 1170 numos
1444 1108 1843 1173 Alexandri-

331 1227 461 1273 nos
494 1205 813 1272 Antonini
856 1201 961 1263 Pii
999 1200 1532 1266 observavimus.
1586 1208 1642 1280 ⁸)
1708 1201 1842 1265 Sed

325 1318 397 1369 et
437 1305 685 1387 Pagius
735 1300 911 1363 hanc
956 1295 1201 1361 Noriiii
1245 1298 1639 1383 opinionem
1701 1297 1840 1360 late

337 1396 619 1464 refutat.
668 1383 735 1473 1’)

425 1493 585 1556 Fuit
621 1489 1010 1562 Hadrianus
1036 1489 1212 1551 inter
1240 1487 1581 1574 principes
1607 1486 1694 1551 de
1718 1487 1840 1550 im·

328 1589 521 1678 perio
558 1588 874 1648 Romano
932 1585 1190 1668 optime
1260 1585 1540 1648 meritos
1613 1602 1840 1648 nume·

298 1683 621 1764 sandus,
673 1679 785 1758 etsi
821 1679 1139 1763 ingentia
1166 1679 1337 1741 vitia
1396 1699 1534 1745 non
1600 1697 1843 1764 pat-um

329 1783 471 1862 ejus
514 1795 715 1841 verae
749 1775 939 1837 laudi
981 1773 1365 1837 detrahant.
1466 1775 1538 1839 Si
1574 1775 1840 1859 biogra-

325 1874 539 1963 phum
575 1870 1063 1957 Spartianum,.
1100 1868 1529 1952 Dionemque
1594 1869 1840 1933 audia-

326 1990 521 2046 mus,
572 1986 711 2030 non
756 1965 967 2028 alium
1005 1964 1223 2046 magis
1257 1965 1631 2049 principem
1693 1983 1841 2047 per.

325 2066 484 2129 inde
522 2062 776 2125 summa
801 2107 820 2136 ,
872 2071 1077 2142 atque
1110 2057 1345 2122 infima
1379 2060 1647 2142 imperii
1687 2077 1843 2150 pro·

334 2158 586 2225 curasse
626 2157 937 2242 legimus.
1039 2152 1267 2235 Quam
1314 2154 1427 2216 ille
1484 2152 1845 2222 indefetrue

330 2253 535 2319 fuerit
562 2253 630 2315 in
660 2249 989 2314 obeundis
1012 2250 1220 2313 totius
1253 2249 1525 2334 imperii
1559 2249 1842 2335 provin..

333 2350 503 2426 ciis,
556 2358 759 2428 atque
801 2344 1156 2421 omnibus,
1208 2365 1344 2429 qua
1374 2345 1535 2408 illae
1569 2345 1842 2409 labora-

329 2451 523 2520 rent,
574 2461 697 2528 per
729 2440 789 2504 se
826 2441 1039 2524 ipsum
1080 2440 1554 2525 inspiciendis,
1634 2461 1839 2525 quam

333 2540 609 2603 severus
652 2538 720 2599 in
762 2537 977 2599 milite
1037 2525 1429 2623 disciplinae
1515 2543 1843 2620 exactor,

333 2654 673 2721 quamque
707 2632 820 2696 iue
868 2652 1006 2696 non
1053 2632 1246 2696 ducis
1292 2634 1553 2717 magis,
1631 2653 1839 2719 quam

333 2731 817 2798 commilitonis
852 2746 1095 2793 munus
1132 2726 1565 2813 fungeretur,
1612 2731 1845 2816 copio-

335 2827 464 2892 fius
494 2829 565 2889 in
595 2825 1006 2908 sequentium
1045 2845 1401 2888 numorum
1436 2825 1846 2910 explicatio-

337 2942 423 2985 ne
460 2922 871 2984 differemus.
971 2919 1203 2983 Comis
1241 2941 1404 2982 vero
1448 2920 1519 2983 in
1574 2941 1844 2999 omnes,

338 3028 408 3080 ot
440 3014 667 3077 facilis
702 3015 895 3095 saepe
935 3017 1309 3076 amicorum
1359 3016 1695 3077 conviviis
1746 3016 1844 3077 in·

342 3108 613 3189 terfuit,
668 3127 907 3189 aegros
946 3109 1147 3169 etiam
1182 3110 1503 3169 tenuioris
1526 3106 1847 3195 fortunae

342 3206 449 3270 bis
493 3225 576 3268 ac
608 3218 708 3266 ter
747 3205 813 3264 in
863 3203 973 3263 die
1014 3200 1274 3280 invisit,
1328 3201 1581 3271 solatiis
1627 3200 1847 3279 fovit,

342 3300 584 3366 omnia
628 3299 915 3379 denique
956 3298 1047 3359 ad
1078 3297 1330 3381 privati
1365 3296 1663 3367 hominis
1707 3318 1849 3360 mo-

351 3398 511 3460 dum
556 3393 741 3460 fecit.
848 3394 935 3452 Vt
973 3393 1331 3476 privatim,
1386 3390 1469 3453 [ic
1529 3405 1595 3455 et
1636 3392 1852 3477 publi·

354 3512 430 3555 ce
464 3491 767 3554 liberalis
825 3507 955 3551 non
998 3487 1205 3549 modo
1242 3487 1542 3549 debitum
1581 3487 1716 3550 fisci
1760 3491 1854 3549 in-

350 3605 555 3671 gena,
609 3588 793 3667 quod
830 3585 919 3646 ad
962 3602 1211 3645 annum
1240 3584 1323 3647 V.
1368 3582 1449 3655 C,
1493 3595 1622 3662 871
1684 3583 1854 3644 vidi-

347 3702 497 3743 mus
531 3725 547 3755 ,
607 3679 862 3762 populo
931 3664 1174 3739 remisit
1206 3722 1226 3751 ,
1319 3690 1387 3740 et
1463 3677 1854 3764 provincias

349 3776 670 3838 damnum
714 3773 931 3857 pass'as
970 3772 1224 3833 collato
1260 3790 1415 3834 aere
1456 3773 1857 3851 sublevavit,

348 3869 460 3932 sed
500 3870 706 3933 etiam
757 3866 993 3928 erectis
1033 3863 1303 3948 templis
1356 3867 1859 3950 magnificentis-

352 3964 567 4041 simis,
624 3963 902 4027 Athenis
942 3961 1344 4044 praecipue,
1399 3982 1567 4045 quas
1605 3964 1856 4046 impen-

346 4061 413 4123 se
458 4062 734 4136 dilexit,
780 4078 862 4120 ac
904 4055 1190 4138 Cyzici,
1264 4057 1798 4151 aquaeductibus
1838 4103 1857 4132 ,

344 4156 710 4239 portubuS,
743 4153 1176 4223 urbium„tam
1206 4164 1631 4227 ornamento,
1655 4171 1857 4233 quam

348 4394 379 4403 “
416 4390 473 4453 a)
514 4392 639 4443 vol.
678 4392 781 4448 lv,
819 4410 877 4462 p.
917 4406 1000 4456 73.

334 4460 536 4531 ‘Victor
574 4464 632 4511 in
666 4459 823 4531 Epir.
1017 4458 1073 4525 e)
1112 4460 1172 4508 in
1194 4456 1487 4535 *Epitomm

1908 724 2305 791 ¹commodis
2350 725 2694 792 consuluit.

1191 4387 1247 4447 b)
1288 4388 1497 4439 Diss'ert.
1536 4387 1727 4460 hypat.
1765 4386 1830 4443 P.
1863 4389 1915 4447 L
1950 4405 1994 4440 c.
2032 4401 2086 4451 4.

3285 555 3427 629 483

2797 729 3111 816 ⁵Superest
3167 733 3433 816 Rornae

1927 819 2286 906 stupendae
2319 823 2519 886 molis
2595 823 2968 908 sepulcrum
3010 849 3058 892 a
3130 830 3195 892 se
3238 832 3437 909 juxta

1929 915 2242 981 Tiberim
2284 919 2630 982 conditum
2656 965 2677 997 ,
2730 922 3119 987 adcuratius
3156 925 3434 1009 reliquis

1929 1011 2330 1094 descriptum
2378 1031 2420 1075 a
2467 1013 2807 1097 Procopio
2835 1063 2854 1094 ,
2910 1029 2976 1080 et
3017 1020 3263 1082 rudera
3313 1022 3435 1083 Ti·

1928 1104 2243 1182 burtina,
2297 1108 2434 1186 ejus
2477 1109 3018 1193 magnificentiae
3084 1127 3435 1177 aeternum

1928 1212 2479 1279 monumentum,
2531 1223 2667 1285 quo
2706 1205 2771 1266 in
2822 1205 3024 1285 loco,
3076 1222 3150 1272 ut
3202 1221 3438 1274 narrat

1928 1294 2375 1379 Spartianus,
2425 1302 2477 1372 ⁶)
2529 1297 2647 1361 fibi
2682 1300 2916 1376 villam
2972 1304 3140 1366 mire
3204 1304 3436 1368 aedifi-

1929 1375 2151 1464 cavit,
2200 1391 2300 1452 ita
2337 1403 2408 1453 ut
2459 1391 2526 1452 in
2600 1412 2684 1456 ea
2731 1407 2798 1457 et
2877 1393 3438 1479 provinciarum}

1927 1496 1993 1547 et
2026 1484 2336 1548 locorum
2374 1484 2816 1553 celeberrima
2872 1495 3160 1556 nomina·
3217 1495 3438 1557 inscri-

1926 1578 2166 1655 beret,
2240 1579 2428 1644 velut
2492 1580 2836 1674 Lyceum,
2929 1590 3374 1652 Academiam
3411 1635 3437 1666 ,

1924 1675 2365 1758 Prytaneum,
2419 1677 2802 1763 Canopum,
2837 1677 3176 1768 Poecilen,
3226 1685 3440 1747 Tem-

1927 1791 2014 1854 pe
2053 1783 2356 1833 vocaret.
2455 1772 2590 1835 Etsi
2626 1775 2783 1840 inde
2834 1776 2922 1841 ab
2980 1779 3170 1843 adito
3215 1780 3442 1862 impe-

1926 1868 2034 1929 rio
2071 1865 2362 1928 tuendae
2405 1887 2528 1952 per
2568 1878 2902 1934 terrarum
2958 1873 3193 1938 orbem
3280 1874 3442 1959 pa’ci

1897 1980 2213 2046 ·operam
2254 1979 2524 2025 omnem
2557 1964 2933 2047 impendit,
2984 1989 3122 2053 qua
3163 1974 3246 2033 de
3281 1989 3441 2036 cau·

1928 2056 1999 2119 sa
2039 2056 2435 2146 Armeniam
2464 2104 2486 2134 ,
2557 2060 2990 2144 reliquasque
3044 2078 3233 2130 trans
3306 2065 3441 2127 Eu-

1922 2149 2238 2236 'phratem
2277 2150 2525 2235 politas
2558 2155 2893 2238 regiones,
2946 2160 3262 2222 nimirum
3292 2179 3441 2243 per·
3485 2165 3489 2170 ’

1927 2257 2204 2331 petuum
2242 2244 2574 2312 bellorum
2611 2247 2923 2315 fomitem
2960 2254 3135 2316 uitro
3167 2255 3442 2335 abjecit,
3539 2308 3544 2314 .

1928 2360 2063 2404 non
2103 2353 2329 2406 tamen
2365 2343 2645 2407 militem
2688 2346 2940 2431 ignavo
2987 2352 3132 2412 oti‘o
3169 2348 3440 2413 difflue·

1925 2459 1997 2501 re
2034 2437 2253 2522 passus
2312 2436 2434 2513 est,
2485 2439 2600 2503 sed
2657 2457 3062 2528 occupatum
3131 2446 3439 2532 semper,

1927 2547 1994 2597 et
2021 2536 2090 2597 in
2127 2553 2476 2596 armorum
2506 2538 2780 2621 negotio
2813 2539 3157 2605 adsiduum
3197 2543 3438 2621 tenuit,

1927 2651 2062 2714 quo
2108 2628 2405 2707 factum,
2459 2643 2534 2693 ut
2573 2645 2639 2696 et
2670 2636 2918 2699 exteris
2971 2638 3127 2702 esset
3179 2639 3438 2726 semper

1926 2726 2371 2802 formidatus,
2425 2739 2492 2790 et
2556 2742 2628 2793 ut
2685 2730 2935 2796 bellum
2996 2736 3133 2818 ipse
3187 2736 3458 2800 nullum

1932 2825 2180 2896 movit,
2228 2819 2313 2884 fic
2355 2836 2547 2887 mota
2574 2822 2778 2888 facile
2815 2846 3275 2916 componeret.
3325 2832 3443 2894 ln·

1912 2934 2033 2986 ter
2071 2919 2274 2980 serias
2322 2917 2448 2983 has
2507 2921 2776 3004 imperii
2813 2929 3296 3010 occupationes
3350 2928 3447 2990 su-

1931 3011 2184 3096 perfuit
2227 3024 2460 3073 tamen
2499 3026 2806 3099 tempus,
2876 3023 3062 3100 quod
3101 3022 3210 3084 seu
3258 3042 3446 3085 exer·

1934 3107 2095 3168 c'itio
2145 3106 2496 3185 corporis,
2549 3106 2656 3168 seu
2693 3108 3276 3189 honestisartibus
3322 3117 3446 3178 im·

1933 3202 2279 3287 penderet.
2401 3203 2702 3265 Venatus
2766 3209 3108 3290 pertinax¹
3165 3207 3448 3273 studium

1932 3297 2124 3360 numi
2161 3293 2278 3378 ipfi
2305 3293 2857 3393 suppeditabunt.
2959 3300 3239 3367 Graecis
3274 3323 3445 3369 vero

1934 3390 2167 3454 studiis
2212 3402 2404 3452 tanta
2437 3392 2597 3454 inde
2650 3414 2693 3456 a
2748 3418 2961 3482 puero
3022 3402 3452 3464 contentione

1940 3486 2069 3547 fnit
2111 3485 2379 3548 deditus
2407 3532 2427 3561 ,
2480 3499 2554 3548 ut
2602 3487 2970 3556 Graeculae
3008 3494 3148 3578 ipse
3181 3517 3225 3558 a
3287 3516 3453 3560 nom

1938 3581 2139 3662 nullis
2186 3580 2542 3646 diceretur.
2595 3573 2657 3662 ιι)
2707 3586 2945 3669 Neque
2980 3589 3456 3656 arithmeticae

1943 3681 2193 3760 modo,
2248 3678 2708 3756 geometriae,
2759 3684 3114 3766 picturae,
3161 3699 3226 3749 et
3261 3687 3451 3750 inusi-

1944 3791 2064 3832 cae
2097 3769 2778 3855 peritiamfflrofeffus
2815 3778 2925 3855 est,
2976 3779 3086 3841 sed
3115 3784 3323 3845 etiam
3347 3803 3453 3847 at·-

1943 3879 2079 3928 tem
2133 3865 2426 3946 fingendi
2493 3887 2576 3930 ex
2623 3891 2830 3949 aere,
2883 3874 2992 3936 vel
3057 3897 3452 3957 marmore,

1944 3981 2031 4023 an
2063 3980 2228 4025 vero
2273 3964 2583 4042 proxime
2617 3966 3030 4050 Polycletus,
3060 3983 3126 4034 et
3150 3973 3451 4057 Euphra-

1942 4077 2189 4132 noras‚
2241 4054 2543 4133 Victori,
2624 4063 2739 4143 qui
2821 4062 2990 4132 istud
3079 4070 3464 4147 mem—oriae

1943 4153 2271 4234 prodidit,
2303 4170 2438 4211 non
2471 4164 2724 4219 temere
2747 4161 3102 4222 credimus.
3154 4166 3204 4235 ⁸²)
3257 4164 3452 4223 Pere-

2279 4389 2327 4453 ο)
2364 4390 2422 4443 tn
2458 4389 2629 4445 aasz.
2667 4389 2762 4444 rub
2798 4390 2892 4444 sn.
3053 4354 3126 4458 ἀ)
3165 4395 3440 4468 spartian..

2724 4536 3076 4623 Ppp2
