4225 5450
1388 552 1398 569 '
1462 580 1580 656 M.
1686 576 2300 659 AGRIPPA.

330 828 338 839 .
434 780 637 846 Parte
668 780 796 846 aaa
837 736 1035 867 veniis
1061 824 1081 857 ,
1158 782 1219 843 ei
1250 775 1354 844 die
1397 779 1702 940 mitiga
1737 778 1844 865 se-

430 970 734 1054 Ardoeus,
782 962 1007 1059 agmen
1037 988 1257 1057 agens,
1302 973 1407 1035 eui
1454 968 1586 1034 beai
1617 972 1849 1058 insigne

484 1122 489 1127 .
1307 1063 1644 1150 superbum

433 1164 738 1248 Tempora
778 1161 995 1227 navali
1022 1160 1278 1247 fulgent
1330 1162 1604 1247 rqftrata
1661 1181 1841 1226 coro-

1538 1275 1624 1320 na

331 1354 418 1418 Et
455 1355 745 1420 Ovidius
778 1353 1065 1437 loquens
1096 1351 1181 1439 de
1228 1350 1571 1434 Agrippa:
1626 1305 1693 1430 ἱ)

428 1451 785 1537 Navalique
860 1466 1059 1532 gener
1142 1447 1376 1512 cinctu
1452 1442 1686 1510 bonon
1731 1464 1841 1511 ca-

1502 1550 1643 1625 put.

320 1640 779 1705 -Observanda
817 1640 1062 1703 deinde
1100 1652 1357 1700 corona
1397 1635 1703 1713 muralis,
1733 1590 1843 1699 seu

330 1737 601 1804 turrita.
682 1737 861 1818 Quo
888 1754 1040 1800 eam
1073 1744 1380 1816 tempore
1430 1732 1876 1816 promeritus.

328 1828 572 1910 fuerit,
625 1825 1086 1895 ex'veteribua
1145 1840 1512 1893 noneruo.
1607 1828 1839 1891 Plato-

332 1926 517 1990 rinus
556 1929 649 1991 ad
681 1924 1020 1989 familiam
1055 1923 1430 2010 Sulpiciam
1477 1935 1787 2009 pertinet.

1057 2019 1088 2052 ἢ

619 2118 719 2181 M.
759 2071 1178 2181 AciszA.
1205 2068 1397 2179 fios.
1417 2114 1622 2177 TER.
1644 2113 1843 2180 cos-

620 2212 801 2277 SVS.
823 2210 1327 2276 LENTVLVS.
1365 2208 1568 2295 Caput
1593 2209 1842 2305 Agrip-

610 2326 735 2394 pac
766 2326 996 2373 corona
1038 2305 1271 2372 marah·
1309 2314 1371 2369 et
1422 2308 1702 2393 rostrata
1738 2304 1837 2368 de-

617 2424 849 2470 ιοηιηο.

330 2498 830 2565 AVGVSTVS.
869 2497 1190 2563 COS.XI.
1244 2497 1448 2584 Caput
1473 2496 1841 2569 tauream».

332 2599 481 2663 Av.
515 2596 661 2659 AR.
715 2588 1074 2663 Remmius
1121 2597 1190 2658 in
1232 2594 1379 2659 AR.
1427 2613 1473 2659 a
1505 2593 1840 2674 Traiano.

331 2691 675 2770 (Metelli,
725 2689 893 2756 Mur.
939 2688 1164 2772 Caes.)

906 2838 931 2868 υ
1204 2850 1211 2853 ·
1260 2840 1290 2871 ιι

618 2884 720 2947 Μ.
767 2881 1184 2948 AGRIRPA.
1219 2884 1297 2947 L.
1342 2884 1420 2945 F.
1485 2879 1677 2946 COS.
1720 2881 1843 2945 111.

610 2980 829 3065 caput
859 2997 991 3044 cum
1028 2999 1259 3046 corona
1301 2980 1594 3066 rostrata.
1664 3021 1669 3026 -

334 3079 403 3143 S.
444 3075 522 3142 C.
564 3076 895 3162 Neptunus
898 3077 1082 3162 stans
1118 3074 1178 3141 d.
1211 3074 1598 3160 delphinum,
1632 3073 1690 3156 s.
1718 3076 1843 3137 tri-

336 3173 590 3240 dentem.
696 3173 839 3237 AE.
879 3175 958 3237 11.
1020 3170 1384 3238 Restitutua
1445 3188 1490 3234 a
1556 3170 1720 3234 Tito
1777 3183 1844 3234 et

332 3269 759 3334 Domitiano.

431 3366 691 3430 Numus
727 3364 889 3441 hic,
943 3362 986 3425 fi
1070 3364 1220 3446 quis
1288 3361 1501 3441 alter,
1568 3361 1838 3431 obvius.

336 3463 689 3545 Neptunus
730 3461 817 3522 ad
861 3458 1235 3544 Agrippam
1293 3461 1438 3538 jure
1500 3461 1788 3543 pertinet
1820 3506 1840 3539 ,

337 3559 453 3641 qui
488 3557 793 3618 maxima
827 3554 1047 3663 belia5,
1100 3552 1398 3618 Siculum
1425 3600 1443 3632 ,
1498 3566 1565 3617 et
1606 3556 1839 3619 Actia-

337 3671 490 3713 cum
537 3650 709 3710 mari
752 3648 1084 3723 confecit,
1144 3653 1392 3734 quique
1442 3649 1597 3712 Sex.
1635 3649 1835 3713 Pom-

335 3748 558 3832 pejum
582 3791 602 3820 ,
654 3746 769 3826 qui
807 3744 1101 3827 Neptuni
1133 3745 1194 3807 se
1225 3745 1439 3808 filium
1472 3744 1706 3831 palam
1744 3745 1839 3808 fe·

334 3841 533 3906 rebat
559 3887 579 3916 ,
630 3842 836 3903 maris
878 3839 1229 3902 dominatu
1260 3842 1466 3904 exuit.
1568 3838 1842 3904 Corona

333 3935 621 4001 rostrata
653 3936 1024 4020 Agrippam
1043 3934 1131 3997 ab
1164 3935 1551 3999 Octaviano
1585 3933 1728 4019 p'ost
1746 3938 1841 3998 vi·
1876 3968 1885 3974 -

336 4034 624 4097 ctoriam
658 4029 958 4096 Siculam
1002 4029 1413 4092 honoratum
1449 4031 1645 4116 supra
1671 4031 1843 4093 dixi-

339 4149 511 4192 πως.
609 4123 765 4190 Post
802 4126 1155 4188 Actiacam
1198 4125 1380 4187 dano
1404 4127 1670 4209 accepit
1693 4143 1843 4186 cae-

332 4225 594 4287 ruleum
652 4220 1021 4299 vexillum,
1087 4208 1144 4298 Ι’)
1213 4241 1454 4304 nempe
1491 4211 1843 4282 ex'undae

274 4374 287 4384 .
332 4320 640 4381 marinae
682 4318 952 4394 colore,
1002 4328 1188 4380 utet
1227 4316 1381 4381 Sex.
1433 4316 1794 4398 Pompejus
1821 4362 1841 4392 ,

333 4430 469 4498 quo
514 4412 577 4474 se
621 4415 862 4476 certius
927 4412 1221 4498 Neptuni
1278 4409 1489 4494 filium
1544 4408 1842 4488 faceret,

398 4620 455 4706 a)
496 4621 552 4671 in
596 4620 727 4672 Arte
760 4621 832 4677 L.
864 4623 970 4683 111.
1009 4643 1063 4686 v,
1096 4638 1221 4692 392,

1417 4620 1475 4690 b)
1514 4620 1627 4680 Dio
1664 4619 1728 4674 L.
1766 4619 1864 4683 LI.
1901 4621 1932 4689 §
1970 4634 2055 4684 υ,

3289 588 3430 672 ⁴⁶5

1920 781 2412 866 paludamento
2455 781 2769 847 caeruleo
2802 778 2952 845 usus
2998 776 3087 844 est
3117 775 3275 845 teste
3291 784 3424 866 Ap·
3549 822 3556 845 .

1922 878 2155 961 piano.
3295 908 3303 915 ·
3329 918 3337 929 ·
3411 952 3420 957 ἱ

2657 974 2686 1005 ,,
2849 976 2858 987 .

2212 1066 2315 1137 M.
2352 1023 2768 1149 AGiuPPA.
2808 1023 2886 1131 ί.
2931 1066 3004 1132 F.
3066 1064 3259 1136 cos,
3303 1069 3424 1135 111.

2215 1161 2415 1246 Caput
2454 1164 2788 1249 Agrippae
2826 1164 3192 1228 laureatum.
3491 1180 3504 1191 ⁸

1920 1258 2044 1321 TI.
2090 1256 2339 1321 CAES.
2382 1256 2600 1324 D1v1.
2642 1258 2851 1322 AVG.
2896 1260 2972 1326 F.
3037 1256 3426 1327 AvGVST.

1917 1352 1992 1419 P.
2035 1354 2132 1416 M.
2166 1353 2316 1416 TR.
2357 1353 2560 1416 POT.
2601 1354 2878 1420 XXIIII.
2926 1358 2994 1419 in
3025 1353 3220 1420 medio
3255 1359 3429 1421 numi

1925 1447 1990 1512 S.
2030 1446 2108 1520 C,
2212 1448 2350 1512 ΛΕ.
2406 1453 2488 1512 ll.

2018 1543 2227 1606 Numi
2271 1544 2466 1627 hujus
2521 1545 2775 1632 duplex
2831 1548 3178 1633 exemplar
3230 1568 3418 1635 repe-

1922 1640 2011 1705 rit
2036 1638 2394 1717 Panelius,
2445 1660 2736 1724 quorum
2772 1663 2976 1706 unum
3016 1640 3250 1707 fuit'in
3285 1664 3428 1707 mu-

1922 1733 2028 1798 seo
2070 1735 2440 1818 Foucault,
2490 1756 2666 1801 nunc
2707 1737 3155 1817 Fameiiano,
3209 1759 3429 1824 ecque

1920 1842 2288 1917 praeeunte
2345 1831 2613 1911 docuit,
2667 1853 3097 1921 nequaquam
3136 1833 3429 1922 Augusto
3481 1890 3490 1899 .

1921 1926 2297 2012 imperante
2361 1926 2734 1992 mortuum'
2765 1932 3174 2021 Agrippam,
3229 1932 3441 2016 ,quod-

1924 2023 2231 2109 prodidit
2294 2023 2690 2107 scriptorum
2750 2045 2953 2110 grex,
3023 2027 3132 2090 sed
3192 2027 3430 2093 vixiss'e

1925 2119 2152 2182 adhuc
2197 2116 2314 2185 rub
2347 2118 2675 2195 Tiberin,
2731 2131 2798 2181 et
2848 2122 3119 2202 quidein
3173 2123 3241 2184 in
3289 2126 3433 2206 ejus

1925 2213 2083 2279 trib.
2129 2211 2455 2298 potestate
2488 2214 2769 2277 XXIIII.
2805 2217 2875 2277 id
2900 2215 3008 2291 est,
3045 2235 3223 2279 anno
3244 2215 3429 2280 v.C.

1929 2328 2019 2391 77
2022 2326 2093 2390 5,
2116 2306 2632 2393 adhibitumque
2649 2310 2736 2372 ad
2779 2308 2957 2372 bella
2976 2312 3271 2395 gerenda
3310 2330 3438 2395 pro

1930 2404 2218 2469 rostrata
2246 2403 2552 2468 lauream
2626 2404 2741 2468 nbi
2803 2422 3129 2469 coronam
3201 2408 3435 2469 emen-i·-

1924 2513 2094 2564 tum.
2146 2500 2207 2585 ⁶)
2280 2500 2481 2564 ·1·luic
2542 2501 2855 2586 prodigio
2895 2514 3013 2564 aut
3060 2516 3260 2564 nemo
3316 2501 3436 2564 ha-

1928 2597 2089 2660 beat
2127 2595 2331 2659 fidem
2356 2646 2376 2675 ,
2429 2609 2548 2660 aut
2585 2616 2801 2679 aeque
2858 2598 3094 2661 credat
3140 2596 3438 2661 Liviana

1924 2691 2083 2757 ilia:
2139 2692 2390 2757 bovem
2443 2694 2513 2756 in
2567 2694 2904 2758 Aventino
2966 2692 3305 2771 locutam,
3373 2703 3440 2757 et

1926 2787 2187 2854 similia.
2291 2789 2426 2873 Qui
2457 2787 2674 2855 sobrie
2719 2788 3158 2873 iudicabunt,
3207 2789 3439 2853 horre-

1930 2884 2098 2948 bunt
2125 2885 2400 2950 turbare
2437 2887 2589 2970 pies
2625 2886 2963 2969 Agrippae
3002 2903 3275 2968 manea,
3325 2883 3443 2948 sed

1926 2980 2155 3065 potius
2210 2980 2532 3062 statuent,
2581 2977 2950 3043 restitutam
3027 2981 3435 3044 memoriam

1929 3080 2068 3158 effus
2102 3077 2239 3140 viri
2265 3123 2284 3155 ‚
2337 3080 2521 3156 cujus
2547 3075 2873 3138 Tiberius
2913 3094 3036 3163 per
3070 3075 3281 3139 filiam
3320 3075 3443 3139 Vi-

1925 3172 2233 3258 psaniam
2272 3172 2713 3256 Agrippinam
2743 3168 2874 3233 fuit
2908 3191 3111 3258 gener
3135 3219 3155 3251 ‚
3206 3183 3443 3256 quam-

1931 3288 2061 3352 que
2091 3286 2135 3330 a
2170 3269 2416 3331 marito
2448 3266 2695 3330 eximie
2719 3262 2906 3330 fuin'e
2939 3266 3256 3340 dilectam
3283 3287 3443 3334 con-

1928 3359 2071 3427 stat.
2173 3360 2344 3426 Istud
2383 3363 2585 3448 plane
2633 3359 2988 3445 persuadet
3026 3384 3264 3428 numus
3316 3365 3437 3429 ali-

1931 3479 2005 3522 us
2046 3458 2376 3542 praesenti
2407 3457 2795 3534 fimillimuS,
2853 3457 3019 3519 etin
3061 3461 3302 3523 eodem
3321 3462 3441 3524 Ti-

1930 3554 2101 3617 berii
2188 3553 2533 3617 tribunatu
2596 3552 2827 3636 curua,
2892 3551 3006 3615 niii
3055 3553 3260 3637 quod·
3315 3576 3442 3641 pro

1928 3650 2222 3733 imagine
2265 3650 2603 3732 Agrippae
2647 3648 2858 3710 habet
2901 3649 3262 3735 imaginem
3309 3659 3444 3715 Au·

1925 3741 2085 3829 gusti
2115 3763 2265 3806 cum
2305 3744 2710 3830 epigraphe:
2759 3743 3058 3814 Dlvvs.
3097 3744 3422 3812 AVGJS·

1926 3838 2125 3903 TVS.
2203 3838 2545 3918 PATER,
2626 3860 2828 3925 quem
2881 3841 3038 3904 vide
3096 3844 3165 3906 in
3223 3844 3443 3906 numis
3573 3836 3592 3862 ⁰

1928 3934 2190 4002 Tiberii
2228 3934 2316 3995 ad
2363 3954 2623 4008 ,annum
2663 3939 2749 3999 V.
2806 3935 2883 4000 C.
2956 3955 3118 4022 775.
3259 3940 3436 4025 Ergo

1930 4048 2066 4114 quo
2110 4027 2414 4112 teinpore
2442 4030 2762 4095 Tiberina
2791 4036 3148 4098 renovavit
3185 4029 3436 4098 memo-

1926 4125 2101 4186 riam
2130 4124 2342 4209 patrie
2382 4122 2690 4210 Augusti,
2744 4128 3032 4194 eundem
3070 4132 3272 4192 etiam
3317 4129 3436 4192 ho·

1928 4237 2163 4282 norem
2220 4217 2460 4282 habuit
2508 4223 2886 4307 Agrippae,
2956 4224 3143 4304 cujus
3197 4211 3436 4285 virtuti

1925 4313 2274 4398 AugustuS,
2352 4327 2419 4378 et
2454 4316 2636 4398 quod
2691 4317 2977 4401 sequitur
3015 4367 3035 4395 ‚
3115 4316 3433 4382 Tiberius

1924 4428 2197 4496 quoque
2239 4409 2564 4473 summum
2612 4410 2947 4498 fastigium
3003 4412 3316 4498 debuere.

2263 4621 2310 4688 e)
2350 4619 2421 4674 de
2457 4618 2644 4674 Numa
2681 4620 2979 4676 Tarracon.
3015 4636 3073 4695 p,
3111 4622 3200 4690 76,
