4225 5450
980 527 1124 598 484
2041 461 2046 472 ’
2106 469 2927 598 HADRva's.
3024 606 3033 612 ,

981 717 1382 811 grinationis
1414 719 1514 785 ita
1565 716 1696 788 fuit
1745 715 2195 804 cupidus,-ut
2229 717 2488 795 omnis,
2567 721 2754 785 viros
2791 722 2958 806 reip.
3003 715 3443 798 clarissimos,
3517 728 3587 784 et
3636 720 3945 808 consulares,

976 837 1152 903 quae
1188 817 1447 901 legerat
1497 817 1581 880 de
1644 816 1816 878 locis
1868 813 2051 876 orbis
2099 825 2430 878 terrarum
2458 857 2480 892 ‚
2562 828 2890 901 tanquam
2938 816 3295 901 imperium
3335 814 3768 897 adfectarent,
3808 826 3946 887 occidi

965 910 1283 1000 praesens
1328 909 1531 975 vellet
1595 907 1957 974 addiscere.
2058 910 2236 972 Tam
2284 927 2476 991 prae·
2555 911 2762 993 jussit.
2865 914 3211 995 Quantum
3266 909 3381 975 fibi
3426 932 3515 975 ex
3560 911 3664 976 his
3707 913 3949 988 funeribus

969 1009 1200 1072 clarae
1235 1007 1417 1068 vitae
1441 1005 1777 1069 maculam
1808 1004 2137 1089 aspersere
2169 1003 2477 1088 volupta·
2562 1007 3029 1071 conciliaverit
3073 1007 3335 1070 senatus
3369 1007 3593 1072 odium
3620 1055 3639 1085 ,
3683 1009 3829 1074 infra
3852 1014 3897 1075 in
3911 1035 3948 1076 e·
4054 1069 4055 1080 2

967 1116 1113 1178 tes,
1164 1101 1234 1161 in
1268 1098 1509 1184 quibus
1542 1101 1823 1164 nimium
1861 1119 2011 1162 eum
2046 1097 2235 1161 fuisse
2255 1096 2476 1183 perhi·
2556 1103 2658 1178 jus
2712 1102 3080 1166 consecrati
3147 1101 3366 1165 numis
3433 1102 3778 1188 persequar.
3848 1109 3947 1172 Ani·

966 1198 1084 1261 bet
1104 1195 1529 1282 Spartianus.
1632 1193 2084 1260 Inconsultum
2106 1197 2246 1274 ejus
2283 1210 2474 1255 amo·
2561 1214 2743 1259 mam
2790 1199 3016 1283 egredi
3063 1209 3489 1262 cunctantem
3528 1199 3629 1262 his
3660 1199 3946 1267 cohortatus

965 1319 1135 1375 rem,
1192 1297 1423 1382 quoin
1457 1311 1738 1381 puerum
1777 1292 2142 1353 Antinoum
2176 1285 2477 1364 furebat,
2554 1288 2893 1355 verticulis
2925 1292 3173 1355 fertur:
3221 1289 3283 1374 ²)
3342 1349 3351 1354 .

933 1395 1032 1460 ·in
1069 1393 1262 1476 hujus
1295 1391 1513 1455 numis
1543 1385 2079 1474 perstringemus.
2130 1384 2329 1448 Pacis
2361 1402 2472 1446 ve·
2652 1386 2954 1453 Animula
2984 1387 3255 1472 vagula,
3308 1386 3642 1471 blandum.

964 1509 1046 1555 ro
1075 1487 1265 1552 fuiss'e
1303 1484 1839 1572 appetentiorem
1869 1480 2216 1565 proditur,
2268 1493 2473 1563 quam
2650 1482 2886 1568 Hospes
2908 1529 2928 1561 ,
2979 1504 3281 1568 comesque
3326 1489 3649 1571 corporis,

957 1583 1125 1651 istud
1155 1583 1422 1667 imperii
1464 1578 1873 1661 majestatem
1928 1577 2168 1640 decere
2210 1575 2475 1638 videre·
2655 1579 2832 1664 Quae
2873 1601 3031 1645 nunc
3069 1579 3276 1647 abibis
3316 1584 3383 1646 in
3418 1583 3553 1647 loca

957 1696 1314 1756 turritam
1334 1675 1690 1761 pecuniam
1709 1693 1860 1736 eum
1878 1671 2128 1735 exteris
2150 1668 2470 1756 erogass'e,
2647 1674 2998 1753 Palliduta,
3047 1676 3310 1761 rigida,
3360 1677 3626 1757 naula,

887 1777 898 1789 ⁶
955 1797 1043 1841 ne
1090 1773 1255 1856 quid
1308 1770 1473 1834 novi
1520 1769 1953 1844 molirentur,
2039 1786 2175 1828 non
2260 1766 2470 1829 modo
2646 1772 2820 1853 Nec,
2871 1781 2942 1836 ut
2960 1772 3115 1855 seles
3146 1819 3166 1848 ,
3216 1771 3401 1838 dabis
3420 1775 3625 1859 jocos.

960 1872 1099 1939 Dio
1129 1867 1340 1933 tradit
1367 1915 1385 1944 ,
1417 1870 1473 1943 ⁸)
1522 1865 1635 1929 sed
1673 1877 1741 1928 et
1787 1865 2087 1950 apertius
2128 1862 2389 1938 Victor,
2405 1849 2467 1940 Ι’)
2549 1863 2725 1930 Istud
2762 1886 3070 1945 carmen,
3123 1867 3167 1952 fi
3214 1866 3491 1932 festivus
3553 1872 3795 1954 quidam
3816 1868 3944 1956 lepor

958 1961 1113 2032 eum
1143 1986 1190 2029 a
1212 1963 1485 2048 regibus
1518 1962 1746 2026 multis
1783 1979 1953 2045 pace
1997 1977 2131 2042 ope
2165 1956 2466 2022 occulto·
2547 1962 2722 2026 inter
2756 1960 3045 2026 facetias
3070 1962 3248 2028 fudit
3268 2010 3287 2040 ,
3339 1962 3555 2047 potest
3570 1968 3709 2030 sane
3737 1965 3945 2028 dissimu-

955 2083 1104 2128 rum
1160 2078 1510 2150 munerum
1545 2059 1915 2143 impetrata
1961 2054 2309 2137 jactaviss'e
2348 2073 2468 2139 pa·
2547 2057 2697 2121 lari.
2734 2108 2755 2126 .
2797 2058 2914 2121 Sin
2949 2071 3414 2143 argumentum
3457 2059 3544 2124 est
3574 2060 3800 2141 judicii,
3827 2060 3946 2144 quod

957 2160 1135 2234 lam,
1186 2154 1338 2241 plus
1373 2153 1438 2218 se
1490 2155 1634 2219 otio
1671 2154 2036 2237 adeptura,
2112 2168 2321 2233 quam
2362 2166 2466 2211 ar·
2548 2154 2632 2220 de
2666 2154 2939 2238 pulcra,
2985 2152 3283 2237 justaque
3309 2154 3631 2219 scribendi
3654 2158 3867 2219 ratione
3884 2169 3946 2218 tu·

952 2256 1084 2321 mis
1120 2264 1405 2316 ceteros.
1508 2252 1759 2312 Verum
1789 2247 2002 2311 multo
2039 2241 2361 2309 funestior
2399 2264 2464 2306 e·
2545 2249 2665 2326 lit,
2715 2251 3026 2313 videmus
3053 2296 3072 2325 ,
3128 2250 3244 2312 fibi
3306 2252 3369 2311 in
3432 2251 3573 2335 ipsa
3628 2263 3816 2314 morte
3846 2269 3946 2312 con·

948 2355 1053 2434 jus
1101 2346 1246 2409 fuit'
1278 2343 1576 2422 invidia,
1629 2363 1766 2431 qua
1797 2343 2159 2407 insectatus
2188 2338 2279 2403 est
2318 2359 2463 2416 eos,
2547 2341 2713 2406 stare
2749 2346 3197 2423 Hadrianum,
3237 2346 3353 2429 qui
3381 2360 3655 2430 vegetus
3672 2347 3948 2427 valensque

948 2446 1065 2531 qui
1110 2445 1180 2505 in
1224 2453 1371 2505 arte
1417 2444 1742 2527 quapiam
1796 2440 2215 2515 excelluere,
2270 2434 2352 2500 fic
2391 2448 2464 2498 ut
2546 2438 3019 2503 Antimachum
3055 2441 3357 2505 Homero
3382 2488 3402 2518 ‚
3456 2440 3781 2506 Catonem
3818 2438 3943 2502 Cice·

895 2596 903 2610 .
949 2543 1197 2608 horum
1260 2558 1396 2602 non
1444 2557 1702 2624 paucos
1757 2537 1850 2599 ad
1914 2546 2205 2597 mortem
2252 2533 2461 2595 etiam
2541 2536 2734 2614 roni,
2800 2536 3086 2599 Ennium
3141 2536 3425 2624 Virgilio
3486 2539 3702 2622 potuit
3736 2533 3947 2622 praefer·

952 2638 1295 2724 adigeret,
1367 2653 1539 2717 quos
1599 2635 1772 2695 inter
1840 2628 2030 2691 fuere
2077 2625 2459 2712 Euphrates
2539 2650 2653 2709 re,
2707 2624 2771 2712 d)
2823 2644 2893 2697 et
2937 2632 3080 2694 sunt
3114 2634 3165 2696 ii
3210 2633 3410 2697 venia
3454 2634 3669 2717 digni,
3716 2634 3813 2714 qui
3849 2646 3947 2692 enm

947 2732 1234 2798 celebris
1263 2734 1404 2811 ejus
1446 2729 1692 2792 aetatis
1737 2722 2178 2812 philosophus
2207 2771 2227 2801 ‚
2284 2735 2350 2785 et
2373 2730 2454 2789 A·
2541 2724 2990 2805 Graeculum,
3043 2740 3110 2791 et
3150 2726 3507 2812 sophistam
3542 2749 3659 2815 per
3677 2727 3948 2790 ludibrium

947 2827 1347 2913 pollodorus
1397 2820 1900 2895 Damascenus,
1956 2817 2094 2880 fori
2125 2820 2454 2897 Traiani,
2540 2823 3079 2907 appellaverunt.
3215 2822 3529 2908 Sepultus
3602 2821 3685 2885 est
3742 2823 3947 2907 primum

949 2934 1016 2986 et
1058 2917 1286 3006 pontis
1313 2918 1382 2980 in
1424 2914 1743 2978 Danubio
1779 2913 2209 2994 architectus,
2261 2924 2327 2976 et
2359 2913 2455 2977 vi·
2538 2917 2841 2989 Puteolis
2873 2917 2941 2980 in
2968 2918 3134 2982 villa
3171 2917 3561 2997 Ciceronis,
3612 2921 3738 3001 ejus
3781 2914 3943 2979 deinde

952 3017 1090 3081 sum
1123 3013 1212 3079 est
1261 3010 1636 3089 nonnullis,
1693 3012 1881 3097 pacis
1915 3019 2218 3090 tantum,
2270 3021 2338 3072 et
2367 3008 2459 3073 se·
2540 3013 2796 3076 cineres
2856 3013 3167 3076 translati
3250 3015 3549 3078 Romam
3620 3014 3684 3075 in
3732 3008 3945 3096 sepulcro

949 3112 1251 3177 cur-itatis
1298 3108 1613 3194 publicae
1647 3108 1925 3170 obtentu
1966 3105 2057 3170 ab
2108 3124 2193 3168 eo
2229 3108 2459 3170 Arme·
2534 3111 2732 3191 Juxta
2760 3107 3114 3185 Tiberim,
3167 3108 3350 3192 quod
3386 3107 3509 3173 fibi
3555 3108 3685 3193 ipse
3710 3111 3865 3171 vivus
3887 3100 3945 3164 fe·

946 3208 1158 3286 niam,
1209 3207 1518 3287 aliasque
1542 3202 1935 3287 provincias
1963 3200 2274 3277 relictas,
2325 3202 2456 3264 dis·
2542 3205 2679 3281 cit,
2730 3202 2984 3267 conditi
3018 3201 3181 3265 sunt.
3233 3210 3286 3280 e)

943 3308 1326 3387 jectumque
1344 3298 1821 3383 famigeratum
1837 3296 2139 3361 Danubii
2159 3309 2458 3381 pontem,
2635 3301 2936 3361 onrem
2967 3298 3237 3360 unicam
3268 3296 3518 3365 habuit
3544 3292 3947 3367 Sabinas-steti·

948 3417 1189 3461 revera
1221 3394 1405 3480 quod
1442 3393 1730 3471 Traiani
1780 3393 2037 3477 gloriae
2099 3390 2452 3457 invideret.
2537 3390 2585 3454 li
2620 3392 3082 3457 matrimonio·

948 3491 1339 3556 Vtilaetum
1373 3505 1550 3563 eum,
1602 3484 1977 3562 liberalem,
2029 3486 2452 3567 clementem,

943 3588 1044 3651 ita
1085 3597 1151 3647 et
1187 3583 1488 3647 severum
1508 3630 1530 3664 ,
1577 3593 1922 3656 tenacem,
1975 3580 2451 3658 fimulatorem‚
2823 3582 2895 3648 A
2914 3583 2989 3649 N
2998 3584 3043 3647 I
3051 3585 3138 3651 M
3151 3584 3224 3651 A
3236 3583 3303 3650 D
3327 3578 3400 3651 V
3409 3589 3477 3651 E
3489 3586 3552 3653 R
3570 3587 3632 3652 S
3643 3585 3687 3650 I
3698 3587 3751 3649 0

944 3699 1028 3746 ac
1078 3679 1349 3743 saevum
1372 3725 1392 3755 ,
1445 3675 1731 3758 denique
1763 3678 1832 3739 in
1868 3676 2049 3738 omni
2095 3675 2240 3737 vita
2276 3679 2451 3741 vari·

940 3796 1056 3841 um
1092 3785 1304 3838 vocat
1338 3772 1758 3858 Spartianus.
1862 3769 2190 3852 Saevitia,
2242 3791 2447 3855 quam
2627 3769 2718 3837 ad
2741 3782 2970 3857 partes
2986 3775 3229 3839 anticas
3259 3794 3589 3842 numerum
3606 3773 3889 3842 Hadriani.

919 3869 1276 3960 ‘principio
1313 3867 1582 3951 imperii
1662 3863 1864 3930 caelis
1939 3865 2202 3949 aliquot
2282 3868 2448 3930 viris
3852 3870 3863 3875 ⁴

939 3962 1518 4055 praestantissimis
1557 3963 1878 4047 prodidit,
1934 3962 2147 4024 multo
2193 3961 2449 4024 violen·
2631 3964 2737 4027 Ad
2778 3963 2904 4028 has
2936 3967 3515 4048 praemonendum
3582 3966 3632 4029 1.
3657 4014 3676 4045 ,
3741 3956 3945 4025 Hadria·

937 4064 1073 4126 tius
1107 4057 1451 4145 postremis
1502 4059 1644 4138 ejus
1693 4058 1878 4120 vitae
1939 4057 2133 4119 annis
2188 4056 2448 4139 erupit,
2536 4077 2692 4121 num
2721 4059 2795 4120 in
2834 4060 2916 4123 iis
2951 4059 3344 4143 plerumque
3387 4061 3549 4149 fingi
3582 4060 3787 4146 capite
3809 4054 3947 4124 nudo.

940 4178 1091 4222 cum
1130 4155 1493 4220 accedente
1536 4153 1626 4216 ad
1673 4151 1895 4214 morbi
1939 4152 2210 4213 dolores
2257 4149 2447 4213 tristi·
2535 4154 2721 4235 quod
2758 4156 2976 4217 minus
3018 4153 3335 4238 frequens
3375 4156 3463 4218 est
3514 4159 3582 4219 in
3634 4153 3826 4217 numis
3866 4152 3947 4210 Au·
4060 4184 4061 4253 3

936 4255 1037 4317 tia
1102 4248 1511 4337 pestilentius
1566 4246 1789 4310 adhuc
1849 4247 2104 4309 malum
2168 4244 2445 4329 suspicio
2531 4244 2863 4332 gustorum
2906 4268 3054 4312 cum
3102 4251 3412 4336 proxime
3450 4246 3947 4337 praecedentium,

937 4347 1236 4410 animum
1273 4347 1412 4425 ejus
1456 4343 1901 4427 pervaderet,
1956 4361 2090 4423 qua
2125 4340 2444 4437 impulsus
2530 4356 2670 4406 tum
2718 4345 3282 4429 consequentium.
3404 4347 3610 4424 Sunt,
3680 4344 3781 4426 qui
3840 4330 3949 4398 fflud

3826 4467 3947 4494 ..d

1001 4538 1070 4619 ἰ)
1107 4552 1173 4606 1..
1209 4553 1424 4616 Lxlx.
1462 4555 1493 4623 §
1528 4569 1582 4625 9.
1783 4547 1844 4616 b)
1880 4550 1938 4600 in
1975 4547 2125 4620 Epit.
2154 4614 2159 4621 ,
2322 4554 2374 4619 c)
2406 4552 2684 4623 Spartian.
2723 4569 2770 4605 e.
2804 4571 2893 4623 25·
3088 4554 3144 4621 d)
3181 4554 3360 4627 Spart·
3399 4555 3536 4616 Dio,
3720 4555 3766 4616 e)
3796 4548 3926 4619 Spffiv
