4225 5450
1501 536 2247 623 AVGVSTVS.

302 740 538 830 pivin‘e
570 755 801 808 narrat
832 741 1249 825 ‚Suetonium
1304 737 1369 826 ⁸)
1416 764 1524 810 nec
1561 743 1817 811 multum

301 840 511 925 abfuit
527 887 549 915 ‚
602 844 751 925 quin
776 844 997 926 statim
1032 840 1315 907 diadema
1335 842 1635 927 sumeret,
1668 842 1814 927 spe-

1898 742 2170 809 ram-eliis
2199 789 2218 821 ‚
2267 746 2443 832 cujtas
2480 746 2742 834 epssylio
2776 748 3135 835 inscriptum
3150 766 3177 815 .·
3225 749 3415 817 IMP.

1902 838 2256 904 CAESAR
2284 888 2306 916 ‚
2337 843 2599 929 fastigio
2633 847 2839 932 insistit
2901 846 3193 912 Victoria
3234 845 3418 938 super

302 938 567 1021 cientque
622 941 1016 1023 principatus
1044 938 1113 1002 in
1146 937 1630 1023 regniformam
1661 956 1809 1001 con·
1890 932 2104 1019 globo.
2205 936 2352 1000 AR.
2406 938 2607 1018 (Mus.
2649 939 2881 1022 Caes.)

298 1040 589 1123 uerteret.
691 1032 1008 1095 Ceterum
1058 1052 1232 1118 quae
1271 1032 1482 1097 fuerit
1502 1030 1808 1096 'coronae

1993 1029 2398 1094 Aedificium
2439 1030 2648 1110 istud,
2699 1036 2884 1119 quod
2921 1038 3159 1123 templi
3211 1038 3412 1123 speci-

298 1126 581 1191 laureae
625 1128 790 1191 viris
833 1126 1188 1193 illustribus
1237 1149 1283 1193 a
1322 1129 1651 1192 Romanis
1689 1129 1804 1191 de·
1891 1143 1999 1186 em
2017 1126 2324 1210 praebet,
2347 1127 2613 1191 videtur
2635 1130 2758 1192 ess'e
2776 1132 3177 1208 curiaIulia‚
3205 1153 3409 1217 quam

299 1233 531 1285 cretae
606 1222 1045 1308 fignificatio,
1114 1226 1350 1309 aptius
1419 1225 1808 1286 differemus

292 1318 367 1380 in
406 1329 710 1381 tractatu
748 1320 832 1384 de
875 1319 1054 1382 cultu
1076 1320 1320 1403 capitis
1342 1316 1808 1403 Augustorum.

394 1413 715 1496 Denique
760 1414 1051 1479 insolens
1094 1417 1162 1480 in
1199 1416 1332 1480 hoc
1371 1433 1640 1498 quoque
1697 1432 1817 1490 nu<

297 1528 416 1573 mo
458 1505 550 1571 est
584 1509 845 1575 metalli
884 1510 1203 1574 volumen
1231 1560 1252 1594 ‚
1306 1510 1491 1595 quod
1545 1508 1646 1572 illi
1668 1527 1811 1571 ma·

299 1604 476 1669 ximi
513 1605 781 1668 moduli
816 1604 1145 1671 honorem
1170 1605 1431 1683 tribuit,
1473 1623 1651 1690 quae
1671 1602 1812 1687 qui·

299 1699 465 1762 dem
500 1699 702 1764 causa
743 1703 1117 1787 praecipua
1153 1700 1277 1779 est,
1330 1720 1449 1766 cur
1491 1721 1646 1764 eum
1697 1719 1810 1763 ex

303 1807 421 1859 tra
459 1794 697 1859 urbem
739 1796 1063 1881 signatum
1112 1798 1428 1874 credam,
1513 1797 1677 1881 quia
1744 1795 1815 1857 in

299 1889 435 1954 hac
472 1891 859 1954 moris-hoc
902 1912 1078 1957 aevo
1116 1912 1253 1956 non
1290 1891 1422 1956 fuit
1452 1910 1699 1956 aureos
1744 1901 1813 1954 et

301 1998 667 2069 argenteos
698 1988 980 2068 maioris
1007 1985 1279 2052 formae
1314 1986 1539 2054 ferire.
1640 1985 1815 2050 Con·

301 2083 633 2158 iecturam
669 2095 875 2166 auget
910 2094 1115 2168 typus
1157 2082 1472 2164 aversae,
1522 2081 1593 2144 in
1626 2085 1815 2164 cujus

301 2195 473 2239 area
516 2177 663 2240 dixi
680 2177 815 2240 effe
853 2198 1047 2242 aram
1070 2178 1460 2241 imminente
1490 2175 1815 2259 serpente,

304 2271 417 2334 sed
460 2291 673 2355 quam
728 2270 908 2336 forte
971 2274 1223 2337 rectius
1298 2273 1817 2355 Havercampus

302 2364 661 2450 mysticam
697 2367 957 2431 Bacchi
999 2366 1227 2432 cistam
1262 2367 1503 2433 censet.
1554 2353 1613 2443 ¹')
1665 2366 1742 2428 Id
1772 2362 1819 2427 fi

306 2481 588 2539 verum,
642 2462 1002 2546 probabile
1040 2460 1161 2537 est,
1202 2461 1583 2548 {ignatum
1564 2480 1636 2524 m
1668 2458 1819 2526 Atia

304 2557 799 2641 proconsulari,
852 2571 919 2622 et
957 2559 1127 2622 ess'e
1103 2578 1249 2641 jure
1281 2561 1454 2621 inter
1470 2552 1820 2642 Cistopho·

302 2671 418 2717 ros
454 2652 923 2732 referendum,
979 2673 1267 2738 quorum
1314 2654 1538 2740 plures
1576 2654 1817 2716 eadem

301 2748 452 2830 {ere
497 2743 729 2813 aetate
773 2768 926 2812 cum
957 2753 1189 2835 capite
1226 2752 1325 2814 M.
1360 2749 1672 2826 Antonii,
1721 2749 1820 2810 in-

302 2841 672 2930 scriptione
693 2845 864 2906 >item
900 2847 1206 2930 utrinque
1238 2845 1525 2922 Latina,
1578 2844 1823 2907 eodem

298 2939 699 3020 volumine,
747 2952 816 3002 et
846 2960 937 3003 ex
973 2942 1213 3004 eodem
1264 2939 1543 3004 metallo
1585 2938 1822 3025 [ignati

306 3037 472 3098 sunt.
579 3036 778 3098 Addo
822 3034 1147 3100 indicium
1179 3036 1367 3100 aliud
1419 3055 1557 3099 non
1590 3035 1822 3120 asper-

302 3131 799 3217 spen-nandum,
852 3131 1031 3194 hunc
1078 3132 1291 3215 ipsum
1335 3151 1611 3195 numum
1665 3130 1819 3217 plus

296 3225 581 3290 duobus
615 3225 893 3289 saeculis
941 3227 1012 3289 in
1055 3226 1280 3291 museo
1315 3225 1647 3291 Caesareo
1664 3246 1820 3289 con·

299 3322 652 3408 spicuum,
680 3325 772 3384 'et
809 3342 894 3387 ex
940 3342 1023 3386 eo
1049 3324 1192 3403 jam
1233 3323 1487 3386 editum
1522 3342 1568 3386 a
1595 3319 1820 3388 Wolf·

298 3433 534 3503 gango
567 3415 783 3480 Lazio
806 3467 827 3500 ‚
876 3417 1361 3483 vindobonam
1396 3418 1682 3482 allatum
1714 3414 1825 3478 fu-

300 3513 417 3576 iss'e
464 3533 553 3579 ex
590 3512 868 3578 Oriente
924 3513 1015 3577 ab
1073 3515 1369 3598 Augerio
1436 3511 1820 3577 Busbeckio

298 3608 727 3673 Ferdinandi
772 3611 827 3675 1.
854 3615 1033 3694 Aug.
1066 3607 1252 3694 apud
1288 3610 1554 3673 Turcos
1593 3618 1821 3673 orato-

300 3723 421 3784 re,
476 3716 557 3770 ut
600 3706 844 3772 notavi
884 3708 953 3769 in
1000 3701 1295 3768 Historia
1331 3703 1537 3769 musei
1582 3700 1822 3786 Caesa*

293 3801 407 3865 rei
439 3805 589 3884 ejus
611 3802 942 3888 catalogo
980 3798 1312 3887 praefixa.

1066 3895 1098 3929 ἢ

879 3947 918 3980 ὕ
1238 3945 1277 3981 ἡ

600 3990 810 4077 Caput
850 3991 1127 4079 Caesaris
1169 3991 1422 4058 nudum.

285 4087 500 4166 JMP.
546 4085 934 4152 CAESAR.
994 4088 1284 4155 Victoria
1324 4086 1514 4175 globo
1548 4089 1824 4179 infistens.

296 4183 455 4247 AV.
501 4186 650 4248 AR.
704 4184 913 4269 (Mus.
954 4182 1183 4265 Caes.)

1894 1220 2034 1283 Dio
2066 1235 2404 1286 memorat
2452 1222 2848 1287 exstructam
2890 1226 2979 1289 ab
3018 1227 3412 1294 Octaviano

1894 1313 1965 1378 in
2011 1318 2228 1401 patris
2264 1317 2418 1380 lulii
2453 1320 2853 1382 memoriam
2879 1369 2897 1399 ‚
2950 1332 3016 1384 et
3062 1325 3144 1387 V.
3174 1321 3246 1387 C.
3269 1344 3408 1408 725

1899 1409 2314 1490 dedicatam,
2368 1411 2787 1497 positamque
2823 1417 2890 1478 in
2927 1438 3008 1481 ea
3041 1413 3409 1503 imaginem

1901 1506 2250 1570 Victoriae
2316 1510 2627 1571 Tarento
2687 1510 2851 1574 olim
2941 1514 3293 1578 advectae.
3345 1511 3407 1598 θ)
3467 1588 3482 1595 ,

1899 1602 2154 1681 Addit,
2208 1621 2360 1665 eam
2407 1600 2689 1668 statuam
2730 1606 2844 1670 sua
2894 1608 3117 1672 adhuc
3179 1623 3405 1676 aetate

1902 1694 2254 1775 exstitisse,
2308 1702 2492 1778 cujus
2536 1701 2744 1781 etiam
2785 1703 3194 1767 mentionem
3236 1703 3408 1771 facit

1900 1792 2354 1856 Herodianus.
2406 1784 2470 1873 ἆ)
2522 1794 2600 1857 Id
2633 1772 3107 1862 simulacrum
3088 1818 3155 1863 ln
3187 1808 3405 1887 Augu·

1897 1885 1971 1952 fii
2008 1886 2240 1952 funere
2276 1887 2465 1951 fuiffe
2499 1889 2986 1975 praegestatum
3018 1896 3219 1960 docet
3238 1896 3408 1960 Sue-

1894 1984 2171 2060 toniu8‚
2213 1989 2277 2059 ⁴²)
2339 1980 2606 2092 fuitque
2660 1987 2970 2051 Victoria
3021 1990 3157 2056 hoo
3224 1993 3409 2057 cultu

1897 2078 2083 2142 velut
2112 2079 2503 2162 quoddam
2486 2081 2772 2163 lmperii
2787 2081 3058 2167 inligne,
3087 2101 3154 2150 et
3172 2107 3408 2171 quam-

1899 2173 2006 2236 vis
2037 2173 2301 2237 sublata
2343 2174 2431 2236 ab
2461 2175 2988 2257 imperatoribus
3045 2178 3283 2246 Christi
3335 2183 3407 2247 fi-

1904 2267 2057 2329 dem
2098 2264 2417 2352 professis
2449 2316 2470 2349 ‚
2522 2280 2594 2330 ut
2662 2270 2913 2333 docent
2982 2275 3407 2352 Ambrofim.

1904 2374 1972 2429 et
2010 2364 2412 2428 Prudentius
2444 2377 2696 2426 contra
2732 2363 3217 2448 Symmachum
3244 2418 3262 2449 ‚
3307 2385 3408 2437 ta..

1904 2480 2059 2523 men
2094 2459 2379 2522 eandem
2428 2458 2639 2542 ipram
2671 2459 2739 2522 in
2780 2462 2998 2524 numis
3029 2463 3242 2527 infimi
3291 2487 3412 2529 ae·

1900 2557 1972 2618 vi
2024 2556 2333 2618 videmus
2361 2555 2852 2639 imperatorum
2888 2556 3173 2623 dextera
3205 2580 3410 2645 prae..

1894 2647 2086 2720 ferri.
2591 2718 2598 2724 .

2637 2747 2674 2781 ’Β

2193 2835 2489 2909 Protome
2534 2844 2804 2912 Dianae.
2939 2905 2948 2910 .

1902 2939 2091 3003 IMP.
2128 2934 2477 3003 CAESAR
2506 2943 2860 3026 insiriptum
2904 2941 3166 3031 epssylio
3212 2946 3419 3030 tempk

1901 3059 1950 3120 4
1993 3033 2465 3117 columnarum,
2511 3039 2691 3100 intra
2757 3037 3042 3121 templum
3094 3048 3418 3124 tropaeum

1899 3129 2157 3211 navale,
2205 3129 2473 3216 superne
2552 3133 2883 3218 triquetra
2983 3136 3132 3198 AV.
3208 3136 3413 3220 (Mus.

1905 3221 2131 3308 caet.)
2228 3226 2376 3290 AR.
2430 3226 2742 3307 denarii,
2811 3239 2878 3292 et
2971 3248 3159 3293 max.
3226 3231 3413 3297 mod.

1900 3318 2215 3404 (Mon-elli
2250 3321 2467 3408 Impp.
2507 3344 2575 3408 p.
2621 3341 2657 3385 2
2663 3321 2818 3405 59.)

1998 3417 2268 3494 Diana,
2313 3428 2675 3502 tropaeum
2717 3420 3013 3498 navale,
3085 3422 3419 3506 triquetra

1894 3513 1993 3578 ad
2040 3509 2442 3595 postremam
2478 3513 2843 3576 Octaviani
2883 3515 2972 3578 ad
2995 3518 3416 3582 Artemisium

1903 3607 2178 3671 Siciliae
2219 3606 2302 3670 de
2337 3607 2491 3671 Sex.
2528 3608 2856 3694 Pompejo
2893 3613 3256 3675 victoriam
3294 3613 3411 3676 ad-

1894 3702 2183 3778 ludunt,
2236 3702 2319 3763 de
2352 3723 2486 3788 qua
2527 3704 2720 3780 vide,
2774 3723 2949 3792 quae
2985 3705 3409 3774 monebimus

1902 3797 1995 3861 ad
2036 3816 2278 3860 numos
2316 3800 2474 3862 anni
2512 3802 2592 3864 V.
2630 3798 2703 3864 C.
2731 3818 2914 3888 733,
2969 3824 3124 3867 nam
3175 3805 3232 3868 is
3272 3809 3410 3885 ejus

1895 3891 2065 3956 'facti
2105 3899 2500 3957 memoriam
2523 3894 2822 3979 pluribus
2845 3897 3069 3964 adhuc
3091 3900 3411 3986 deinceps

1897 3990 2094 4054 annis
2132 3990 2203 4051 in
2233 4003 2511 4054 moneta
2556 3989 2950 4059 celebravit.

2644 4087 2672 4117 O

2198 4180 2399 4266 Caput
2433 4137 2713 4269 &nefaris
2747 4138 3114 4252 taireataim.

404 4276 611 4348 Alius
629 4326 650 4359 ,
682 4278 800 4367 sed
824 4279 1163 4369 aedificium
1190 4278 1448 4365 elegum·
1471 4290 1530 4344 et
1559 4279 1826 4368 clausum
1903 4281 2092 4345 IMP.
2143 4274 2516 4343 CAESAR.
2560 4276 2854 4346 Comama
2887 4281 3139 4348 nubium
3167 4286 3408 4375 rostris,

372 4521 486 4580 εὶ·
472 4535 531 4568 m
569 4516 742 4588 cong
779 4535 829 4582 e
868 4534 949 4574 υ.

280 4590 351 4652 4)
395 4587 604 4660 (Σομι
586 4603 704 4647 roo,

1147 4520 1215 4586 *b)
1258 4518 1477 4575 Motelli
1516 4520 1701 4592 Impp,
1730 4536 1796 4593 ,p-
1837 4521 1956 4588 263,

2219 4521 2275 4590 c)
2307 4519 2375 4573 L.
2411 4518 2506 4572 1.1.
2541 4535 2591 4572 c.
2629 4534 2716 4581 εει,
2981 4517 3135 4592 d)‘in
3171 4524 3408 4599 Elagab.

3333 571 3419 644 85
