4225 5450
784 498 874 577 76

777 689 1193 775 ἐψηφίσαντο,
1242 690 1365 759 duo
1396 700 1555 764 mim
1589 701 1739 764 anni
1787 696 2043 763 deerant
2073 696 2150 762 de
2183 697 2281 763 a!-

1946 492 2686 581 AvasTv's.

2361 702 2502 764 cari
2545 713 2708 766 ante
2737 716 2995 773 annum
3030 699 3117 764 V.
3159 690 3237 772 C.
3284 716 3459 783 717,
3506 692 3596 783 n,
3649 711 3723 768 ut
3763 688 3882 769 vb-

770 799 911 853 ’τινα
940 790 1345 875 quinquennio
1377 789 1562 879 haeq’us
1620 796 1906 879 imperii,
1957 792 2126 879 quod
2161 794 2285 882 fibi
2360 796 2627 861 rilitnile
2672 797 2855 876 dixi,
2905 795 3039 860 hoc
3095 796 3369 860 ineunte
3435 818 3523 863 ea
3575 799 3871 885 potestas

774 885 918 971 s’pfis
985 894 1201 950 exacto
1246 888 1465 969 priore
1511 889 1926 957 decreverant.
1980 894 2036 965 ¹)

777 979 1022 1063 igitur,
1072 978 1173 1057 fi,
1224 991 1298 1042 ut
1338 982 1523 1063 dixi,
1590 986 1878 1049 alterum
1916 982 2287 1068 quinquen·

2134 889 2284 953 Iam
2359 892 2608 956 iterata
2642 892 2793 955 fuit.

2455 986 2770 1069 Sequitur
2800 986 2960 1064 111.·‚
3011 986 3334 1071 quoniam
3369 987 3441 1052 in
3504 989 3723 1055 numis
3782 987 3870 1052 fle

688 1094 695 1101 ·
778 1075 968 1137 nium
982 1075 1237 1159 coepit
1272 1074 1596 1143 Kalendis
1646 1081 1790 1147 Ian.
1829 1082 1913 1144 V.
1970 1078 2048 1144 C.
2098 1097 2296 1160 717
2359 1078 2691 1165 inscriptis
2734 1081 3153 1146 Octavianus
3194 1082 3606 1148 luculentam
3639 1070 3869 1148 adhuc

785 1167 1149 1232 necessario
1220 1168 1387 1235 illud
1430 1174 1695 1239 effluxit
1763 1174 2088 1238 Kalendis
2142 1174 2289 1237 Ian.

785 1264 870 1327 V.
882 1261 988 1330 C.
1032 1281 1195 1347 722.
1294 1267 1503 1349 Atfi,
1567 1282 1644 1333 ut
1700 1270 1850 1335 vult
1899 1269 2290 1354 Appianus,

786 1355 1114 1422 Kalendis
1148 1358 1293 1423 Ian.
1327 1364 1413 1427 V.
1450 1364 1530 1430 C.
1577 1382 1707 1448 721
1751 1370 1842 1429 ad
1882 1363 2292 1448 explendum

782 1453 1069 1517 alterum
1108 1456 1633 1539 quinquennium
1677 1459 2031 1524 defuissent
2066 1458 2293 1522 adhuc

785 1549 1124 1631 anmduo‚
1140 1550 1310 1614 illud
1325 1555 1575 1619 nonnisi
1599 1560 1683 1623 V.
1703 1555 1785 1620 C.
1806 1573 1941 1636 723
1966 1552 2292 1617 exivisset.

784 1644 985 1708 Hanc
1002 1644 1231 1759 ipsam·
1251 1647 1653 1714 discordiam
1697 1650 1924 1734 quoad
1976 1650 2294 1711 iteratum

760 1740 1231 1823 ,Illviratum
1210 1762 1283 1808 ιιι
1317 1746 1749 1832 scriptoribus
1805 1749 1951 1829 jam
1996 1741 2295 1806 advertit

781 1835 1080 1921 Pighius.
1114 1812 1195 1920 ¹3)

881 1932 990 1994 Ex
1035 1932 1169 1997 hac
1209 1936 1654 2026 disputatione
1694 1934 1987 2022 sequitur
2020 1932 2076 2000 1.
2099 1979 2123 2011 ‚
2172 1950 2286 1996 ve·

777 2027 1246 2094 rifimillimum
1284 2034 1451 2111 effe,
1503 2048 1570 2099 et
1598 2034 1860 2098 ratione
1880 2033 2085 2094 etiam
2104 2045 2286 2091 com·

780 2123 1102 2210 probari,
1156 2128 1444 2192 Illviros
1497 2130 1789 2194 alterum
1845 2121 2283 2211 quinquenni-

778 2240 897 2283 um
940 2223 1278 2288 inchoass'e
1307 2226 1633 2290 Kalendis
1674 2226 1822 2288 Ian.
1863 2226 1949 2288 V.
1993 2221 2067 2287 C.
2103 2238 2282 2302 7173

778 2337 918 2383 non
976 2322 1203 2407 priuS,
1269 2339 1474 2401 nam,
1540 2340 1694 2386 oum
1775 2340 1863 2382 ex
1938 2334 2282 2381 marmore

781 2414 1170 2484 Collotiano
1203 2433 1460 2484 certum
1518 2417 1627 2494 sit,
1697 2415 1867 2478 illud
1931 2409 2298 2474 definitum

771 2510 963 2581 fuisse
990 2535 1052 2579 .a
1086 2516 1225 2579 fine
1256 2512 1665 2581 Novembris
1714 2512 1799 2572 V.
1836 2504 1915 2569 C.
1971 2525 2097 2586 7¹¹
2170 2521 2277 2565 us·

2366 1175 2660 1239 barbam
2702 1176 3076 1263 appendit,
3158 1196 3313 1242 eum
3380 1180 3606 1243 adhuc
3688 1197 3871 1243 anno

2365 1274 2450 1334 V.
2495 1267 2568 1336 C.
2614 1290 2750 1352 7¹7
2810 1271 3098 1335 barbam
3142 1272 3393 1340 aluiss'e.
3509 1272 3874 1340 Adversari

2364 1362 2536 1429 istud
2583 1367 2851 1429 videtur
2891 1367 3119 1430 verbis
3157 1367 3402 1432 Dionis
3453 1368 3878 1456 perhibentis

2369 1461 2462 1523 ad
2508 1479 2758 1524 annum
2801 1464 2883 1525 V.
2919 1459 2998 1527 C.
3039 1481 3214 1545 715·
3263 1463 3440 1530 Sane
3473 1464 3694 1549 Caesar
3739 1476 3876 1531 mm

2359 1558 2631 1639 primum
2662 1553 2925 1621 barbam
2956 1556 3185 1623 radens
3217 1567 3279 1621 et
3303 1560 3423 1646 ipse
3436 1547 3748 1645 splendide
3770 1563 3886 1659 di..

2370 1651 2883 1739 ameumfstum
2925 1655 3090 1737 egit,
3144 1654 3694 1742 etreliqwstmn!
3740 1680 3877 1725 σηι-

2366 1743 2553 1812 nibus
2572 1744 2880 1830 publicum
2923 1747 3168 1831 epulum
3197 1747 3383 1815 dedit.
3478 1751 3590 1818 Ab
3627 1771 3696 1817 eo

2366 1851 2486 1905 tm
2523 1851 2798 1926 tmpore
2847 1861 3054 1926 genas
3097 1843 3297 1910 laeves
3321 1845 3649 1931 servavit,
3704 1850 3874 1934 fient

2363 1937 2476 2002 aua·
2494 1936 2800 2025 solebant.
2849 1933 2911 2019 ⁶)
2961 1942 3053 2003 At
3073 1958 3243 2004 vero
3284 1942 3473 2004 numi
3506 1938 3698 2005 testes
3722 1943 3874 2026 syn-

2364 2032 2602 2098 ehi-oni
2625 2081 2651 2117 ,
2699 2032 2818 2117 qui
2847 2051 3085 2097 omnes
3136 2032 3498 2099 Caesarem
3539 2036 3869 2104 Invitum

2311 2174 2318 2179 -
2360 2130 2606 2193 iterum
2650 2126 3017 2192 barbatum
3038 2126 3299 2213 -fistunt,
3343 2129 3589 2194 fallere
3621 2152 3874 2217 neque..

2361 2238 2524 2302 unt,
2565 2242 2793 2307 neque
2834 2223 3042 2287 etiam
3095 2236 3350 2288 temere
3418 2224 3874 2293 testimonium

2359 2319 2604 2383 Dionis
2641 2318 2809 2382 istud
2841 2316 3102 2382 factum
3133 2319 3374 2383 diserte
3409 2320 3501 2385 ad
3541 2322 3721 2385 hunc
3749 2343 3872 2388 an-

2364 2414 2523 2478 n'um
2559 2411 2912 2477 referentis
2963 2416 3483 2500 repudiandum.
3596 2418 3868 2501 Expen

2363 2506 2588 2573 denda
2622 2507 2837 2571 solum
2867 2509 3105 2589 causa,
3158 2529 3275 2573 cur
3305 2510 3591 2575 barbam
3622 2533 3668 2578 a
3700 2511 3878 2579 Cae-

777 2614 908 2697 que
956 2611 1063 2674 ad
1092 2611 1307 2675 finem
1366 2603 1764 2673 Decembris
1808 2604 1890 2665 V.
1951 2596 2276 2678 C.716
2351 2605 2499 2669 sare
2527 2604 2873 2681 nutritam,
2918 2623 3009 2667 ac
3041 2605 3322 2688 quidem
3346 2605 3617 2670 testibus
3637 2600 3904 2677 numis'

774 2799 1050 2882 quennii
1078 2798 1534 2884 anticipandi‚
1585 2794 1697 2860 etii
1725 2792 1931 2858 fuerit
1965 2791 2144 2856 ratio
2175 2788 2277 2854 se-

776 2908 1013 2958 natum
1047 2894 1495 2979 permovendi
1528 2893 1759 2979 priore
1800 2890 2100 2953 nondum
2165 2906 2279 2952 ex·

758 2985 983 3067 acto,
1036 3000 1123 3052 ut
1175 3005 1267 3054 an
1315 2989 1485 3053 illud
1554 2986 2085 3073 designarentur,
2147 3002 2286 3065 quo

778 3084 1235 3171 magistratum
1282 3084 1536 3149 diutius
1588 3083 2004 3170 usurparent.
2125 3077 2284 3144 Non

592 3215 599 3226 ·
735 3183 1026 3259 ‚serium
1080 3199 1240 3246 nam
1275 3199 1427 3245 cum
1456 3179 1689 3243 omnia
1744 3197 1835 3242 ex
1874 3176 1953 3242 fi.
2008 3169 2087 3237 C.
2142 3174 2282 3239 vel·

774 3279 917 3342 lent
966 3295 1165 3361 agere
1206 3276 1469 3354 videri,
1520 3273 1899 3360 permissum
1922 3280 2160 3333 autem
2196 3269 2281 3331 il-

770 3375 856 3437 lis
897 3372 1420 3458 quinquennium
1474 3365 1817 3434 effluxerit
1855 3368 1964 3430 die
2028 3364 2276 3429 Kalen·

779 3470 904 3533 das
941 3468 1085 3531 Ian.
1131 3467 1290 3533 anni
1328 3483 1466 3546 717
1501 3464 1974 3550 praecedente,
2014 3478 2113 3522 ex
2133 3459 2276 3522 sen·

770 3564 842 3627 su
875 3562 1044 3649 legis
1076 3563 1238 3627 inde
1271 3561 1360 3625 ab
1396 3560 1504 3623 his
1546 3558 1869 3623 Kalendis
1918 3576 2055 3620 non
2119 3552 2280 3619 fuis·

772 3661 912 3722 sent
946 3658 1238 3742 amplius
1280 3655 1535 3720 IIIviri.
1630 3652 1943 3738 Denique
1974 3670 2129 3715 cum
2162 3670 2278 3714 au·

644 3773 653 3784 ’
773 3766 996 3819 etores
1014 3752 1190 3815 hanc
1206 3750 1338 3813 illis
1355 3750 1698 3811 decretam
1707 3747 2107 3833 potestatem
2127 3764 2274 3809 nar·

769 3838 995 3914 rantes
1017 3843 1390 3909 constanter
1412 3844 1807 3927 quinquennia·
1826 3841 2279 3922 meminerint,

632 3949 648 3965 ⁸
772 3946 884 4008 seu
913 3943 1107 4007 citius
1126 3940 1345 4016 illam,
1370 3936 1507 4000 seu
1512 3936 1716 4000 serius
1758 3929 2118 4014 iterassent,
2148 3934 2287 3998 dici

767 4059 929 4107 vere
969 4032 1496 4122 quinquennium
1533 4049 1669 4095 non
1706 4030 2038 4117 potuill‘et.

868 4134 1183 4219 Sequitur
1236 4129 1373 4208 IL,
1414 4146 1560 4191 non
1651 4127 1833 4211 poss'e
1875 4144 2126 4189 numos
2187 4124 2283 4187 in-

774 4228 1056 4314 scriptos
1111 4175 1395 4292 mle'.
1426 4222 1671 4286 ITER.
1699 4223 1789 4285 Β.
1829 4221 1913 4283 Ρ.
1959 4219 2047 4292 C.
2072 4213 2289 4282 collo

844 4461 1079 4526 aneu

726 4513 951 4602 ¹11:191).
988 4462 1354 4583 ΝΙιιιοΙΙῨὟΊῘῘἲ
1391 4471 1477 4523 28.

1352 4530 1657 4601 1Ρ.ι.ι8

1663 4457 1722 4524 b)
1762 4457 1974 4518 Annei
2006 4456 2177 4511 Rom.
2214 4454 2292 4512 ad
2323 4457 2400 4515 V.
2436 4457 2503 4517 C.
2539 4475 2658 4529 715.

630 2684 634 2688 Δ
744 2706 961 2782 =nulla
990 2705 1262 2769 Illviris
1315 2701 1449 2767 fuit
1500 2700 1682 2766 ratio
1732 2696 2028 2764 alterius
2088 2692 2295 2779 quin·
2356 2712 2423 2766 et
2456 2697 2682 2762 Dione
2721 2698 2791 2761 in
2827 2710 2971 2761 tam
3010 2700 3285 2784 longum
3330 2713 3638 2789 tempus,
3699 2722 3860 2769 cre

2305 2795 2569 2864 dibile
2608 2793 3161 2860 annueremus
3198 2798 3267 2860 in
3290 2795 3581 2884 epistola
3615 2801 3708 2864 ad
3744 2800 3874 2869 Pe-

2363 2891 2756 2967 rizonium,
2809 2909 2985 2973 quae
3017 2888 3107 2953 est
3159 2892 3229 2954 in
3270 2892 3524 2957 Eleotis
3575 2897 3875 2965 Wolter-

2366 2988 2545 3055 eckii
2580 3007 2645 3072 p.
2687 3004 2824 3070 50,
2897 2987 3171 3069 ejusque
3216 2986 3459 3051 ass'ecla
3511 2988 3878 3078 Schlegefi-

2366 3103 2491 3166 us,
2512 3073 2577 3165 ὅ)
2626 3083 2881 3166 aliique
2913 3083 3053 3163 ejus
3089 3082 3410 3147 eausam
3389 3103 3459 3145 ιιι
3487 3084 3740 3150 luctum
3777 3090 3875 3154 ob

2365 3190 2655 3243 mortem
2685 3177 2742 3243 1.
2787 3173 3092 3241 Caesaris
3142 3176 3461 3242 referunt.
3561 3181 3715 3244 Non
3767 3205 3876 3250 re-

2361 3291 2631 3361 pugno,
2680 3263 2841 3336 nam
2872 3273 3059 3357 apud
3077 3273 3440 3338 Romanos
3471 3267 3689 3340 barba
3712 3299 3873 3362 pro-

2360 3368 2555 3433 miss'a
2593 3386 2834 3432 revera
2869 3369 3090 3432 luctus
3147 3388 3310 3454 pars
3349 3368 3630 3434 exstitit.
3759 3376 3876 3440 Ad

2359 3464 2535 3529 haee
2570 3460 3216 3551 aliamlrationem,
3264 3482 3384 3527 cur
3441 3468 3544 3531 M.
3591 3471 3876 3533 Antonii

2364 3569 2571 3644 eaput
2601 3558 2679 3619 -in
2709 3556 3050 3643 prioribus
3083 3560 3226 3642 ejtts
3263 3560 3484 3623 numis
3507 3559 3876 3628 barbatum

2362 3654 2476 3732 sit,
2526 3670 2841 3739 promere
2872 3652 2995 3717 vix
3031 3653 3401 3737 possumus,
3448 3674 3653 3739 quam
3684 3661 3874 3741 quod

2364 3749 2593 3834 lugere
2624 3746 2869 3811 Iulium
2914 3767 2952 3811 e
2993 3747 3174 3812 vivis
3204 3749 3538 3812 sublatum
3574 3750 3872 3835 instituit,

2366 3863 2566 3930 quem
2600 3841 2923 3926 superesse
2951 3848 3309 3929 tanto'pere
3337 3845 3475 3923 ejus
3509 3835 3872 3927 intererat,

2368 3951 2436 4002 et
2480 3943 2671 4023 cujus
2736 3936 3123 4023 interempti
3170 3939 3234 4003 se
3276 3940 3616 4004 vindicem
3694 3942 3872 4007 fere-

2365 4032 2509 4120 bat.
2607 4037 2701 4099 At
2730 4051 2898 4095 vero
2921 4031 3149 4118 lugere
3167 4047 3517 4119 parentem
3553 4035 3871 4102 sexennio

2365 4129 2683 4216 integro,
2734 4127 3053 4190 nimirum
3100 4129 3190 4193 ab
3229 4148 3406 4192 anno
3440 4132 3526 4196 V.
3574 4129 3652 4196 C.
3706 4153 3872 4214 710,

2366 4244 2502 4308 quo
2538 4223 2746 4288 Iulius
2784 4221 3013 4286 caesus
3053 4221 3182 4302 est,
3233 4243 3444 4310 usque
3492 4225 3584 4289 ad
3617 4231 3876 4292 annum

2837 4461 2901 4530 e)
2930 4459 3004 4515 1..
3037 4458 3309 4523 nvm.
3348 4461 3379 4532 ς
3412 4430 3504 4529 334,
3693 4460 3753 4530 a)
3791 4459 3872 4515 aa
