4225 5450
1670 592 1677 601 .
1759 521 2302 600 VXORES

809 726 878 791 T
884 728 933 788 1.
983 721 1345 787 ΚΛΑΤΔῙ.
1389 721 1631 789 ΚΛΙΣ.
1675 722 1932 787 ΣΕΒΛ.
1992 722 2318 787 ΓΕΡΜΛ-

806 823 924 885 Nl.
958 819 1351 887 ATTOKP.
1409 816 1484 881 L.
1517 822 1594 880 A.
1629 819 1700 882 B.
1743 818 1815 879 Γ.
1855 820 1926 881 Δ.
1982 819 2066 883 Ε.
2106 838 2160 883 ς.
2201 817 2322 882 Ca·

800 924 925 997 put
966 912 1209 977 Claudii
1255 906 1624 977 tauriacum.
1755 912 1894 973 AR.
1987 912 2181 974 mixti
2261 911 2318 972 1.

813 1006 1108 1094 (Beger,
1159 1007 1325 1072 Mus.
1367 1005 1867 1088 Caes.-Stosch,
1917 999 2319 1088 Theupoli.)

904 1103 984 1165 ln
1014 1101 1326 1165 omnibus
1359 1101 1464 1162 his
1498 1102 1745 1176 numiS,
1797 1102 1912 1181 qui
1940 1102 2026 1162 ad
2062 1100 2318 1161 sextum

810 1192 1024 1279 usque
1047 1195 1316 1261 Claudii
1336 1215 1583 1259 annum
1620 1195 2075 1259 Alexandriae
2105 1192 2320 1276 ligna-

811 1294 865 1354 ti
914 1291 1095 1367 sunt,
1146 1289 1541 1353 Messalinae
1605 1291 1919 1369 Eetoesnc,
1997 1286 2324 1372 Augaqtao

809 1386 1042 1449 titulus
1095 1399 1398 1469 negatur.
1496 1383 1857 1457 Praeclare
1900 1383 2032 1446 hoc
2082 1381 2319 1444 confir-

808 1491 1034 1549 matur
1065 1476 1389 1545 sententia
1420 1478 1663 1541 Dionis
1685 1524 1723 1552 ,.
1757 1479 1871 1559 qui
1908 1479 2001 1541 ad
2032 1477 2320 1541 alterum

812 1573 1085 1641 Claudii
1123 1592 1369 1637 annum
1420 1571 1769 1656 perhibet,
1846 1590 1985 1635 non
2061 1570 2319 1655 pass'um

809 1667 1000 1731 fuisse
1061 1666 1418 1731 Claudium
1443 1714 1466 1748 ,
1547 1665 1938 1733 Meffalinae
1990 1665 2322 1728 honorem

810 1762 1137 1847 Augustae
1172 1759 1443 1824 deferri.
1493 1755 1558 1840 ⁸)
1676 1760 1881 1822 Numi
1939 1759 2321 1844 praesentes

734 1870 745 1874 ·
815 1875 969 1920 eam
1037 1867 1299 1919 tantum
1361 1854 1637 1939 Caesaris
1707 1855 1983 1942 Augusti
2035 1872 2319 1917 uxorem

809 555 957 619 25*-

815 1950 1187 2035 appellant.
1302 1951 1435 2014 Sed
1500 1951 1570 2010 in
1636 1947 1968 2033 Augustae
2052 1948 2318 2012 titulum
2447 1950 2466 1955 ‘

815 2044 1241 2128 Menzaunagn
1272 2044 1477 2108 serius
1528 2044 1851 2109 involasse
1910 2064 1996 2108 ex
2055 2043 2319 2120 numis,

819 2159 994 2223 quos
1040 2141 1366 2203 continuo
1406 2139 1868 2216 recitabimus,
1918 2139 2152 2225 palam
2182 2137 2324 2215 fiet,
2416 2158 2434 2177 ·

816 2235 1000 2318 quod
1039 2246 1267 2298 tamen
1306 2236 1544 2299 reticet
1573 2233 1712 2297 Dio
1734 2279 1753 2310 ,
1807 2233 1918 2295 etfi
1953 2235 2156 2299 serius
2192 2245 2323 2297 tra·

814 2330 978 2408 dat,
1026 2316 1091 2411 ¹.’)
1130 2328 1206 2395 ⁸ei
1249 2331 1541 2417 primum
1600 2329 1669 2391 in
1715 2329 2001 2391 consess'u
2055 2330 2326 2408 locum,

811 2436 888 2503 ut
922 2424 1164 2488 Liviae
1194 2428 1564 2509 quondam,
1613 2434 1820 2505 utque
1848 2437 2177 2508 carpento
2208 2442 2328 2485 ve-

812 2518 1124 2598 heretur,
1197 2520 1566 2584 decretum.
1696 2520 1789 2578 At
1844 2519 2021 2579 enim
2092 2514 2321 2585 multis

812 2614 1122 2699 partibus
1189 2634 1469 2678 mancus
1524 2612 1634 2675 hic
1698 2610 1941 2673 Dionis
2001 2611 2174 2673 liber
2231 2612 2325 2673 ad

814 2728 940 2773 nos
985 2711 1314 2795 pervenit.
1413 2705 1523 2769 Est
1581 2702 2107 2768 numia-testibus
2151 2704 2332 2768 haee

814 2804 1038 2886 prima
1073 2800 1435 2864 Caesarum
1474 2818 1690 2876 uxor,
1747 2801 1852 2861 cui
1893 2797 2226 2884 Augustae
2243 2800 2323 2862 ti·

814 2895 991 2960 tulus
1028 2895 1193 2957 vivo
1226 2897 1478 2957 marito
1516 2893 1650 2956 fuit
1676 2892 2055 2981 appositus.

822 2991 826 2995 Α
910 2989 1017 3053 Ad
1066 3000 1305 3072 typum
1345 2991 1529 3071 quod
1563 2989 1843 3065 attinet,
1892 2988 2183 3052 infantes
2204 2988 2322 3053 du·

708 3108 719 3112 ·
816 3103 894 3158 os
914 3128 942 3164 ,
996 3101 1168 3165 quos
1217 3083 1573 3148 Messalina
1604 3103 1808 3148 manu
1837 3084 1907 3147 in
1940 3082 2324 3147 ostentatio-

685 3247 694 3252 ,
813 3198 967 3242 nem
1003 3177 1332 3262 porrigit,
1385 3180 1688 3263 plerique
1730 3176 2017 3242 statuunt
2054 3197 2194 3257 ejus
2245 3178 2321 3242 li.

813 3272 1013 3335 beros
1079 3272 1541 3337 Britannicum
1588 3284 1757 3337 natu
1825 3276 2158 3354 maior-em
2184 3320 2204 3351 ,
2256 3285 2326 3338 et

815 3365 1203 3430 Octaviam.
1290 3366 1439 3432 Sed
1480 3369 1642 3432 huic
1702 3367 2067 3431 sententiae
2129 3387 2323 3452 repu-

813 3460 1050 3546 gnabit
1079 3480 1318 3525 numus
1369 3462 1725 3546 inscriptus
1800 3462 1880 3525 L.
1945 3467 2069 3539 A„
2119 3456 2322 3544 quem

815 3555 1031 3618 edidit
1072 3556 1397 3639 Begerus.
1448 3556 1511 3638 ⁰)
1556 3556 1835 3621 Claudii
1875 3576 2086 3641 annus
2145 3558 2200 3621 1.
2232 3558 2323 3620 se·

784 3650 1103 3714 ·cundum
1139 3650 1755 3714 Alexandrinorum
1802 3652 2135 3714 calculum
2181 3652 2325 3715 exi·

2404 521 2991 599 CLAVDII.

2402 734 2508 786 tus
2557 718 2645 783 est
2683 738 2816 783 uno
2860 739 3037 783 anno
3098 718 3345 797 serius,
3411 741 3655 808 nempe
3724 743 3917 810 795,
4017 746 4052 764 ι

2398 828 2610 906 patet,
2661 835 2879 898 neque
2915 816 3117 877 etiam
3135 815 3595 881 Britannicum
3633 824 3920 903 potuiss'e

2399 912 2467 973 in
2513 929 2721 973 numo
2757 912 2914 973 anni
2945 909 2998 972 1.
3038 911 3356 993 proponi.
3456 912 3526 975 Si
3568 934 3733 999 ergo
3774 916 3917 979 bini

2378 1004 2471 1072 *hi
2507 1002 2803 1069 infantes
2850 1022 3009 1067 vere
3049 1003 3195 1065 sunt
3232 1005 3631 1070 Messalinae
3679 1009 3916 1088 liberi,

2399 1098 2653 1161 neceffe
2695 1095 2824 1175 est,
2876 1096 3118 1163 horum
3164 1116 3296 1161 uno
3367 1112 3490 1163 aut
3539 1103 3913 1187 intelligen-

2403 1194 2562 1255 dam
2595 1193 2804 1255 aliam
2857 1191 3251 1255 Mess'alinae
3287 1193 3550 1276 prolem
3579 1200 3767 1281 prius
3800 1214 3914 1260 na-

2400 1299 2582 1365 tam,
2635 1298 2704 1348 et
2739 1283 3015 1351 subinde
3051 1298 3410 1366 mortuam,
3464 1303 3581 1352 aut
3620 1311 3664 1354 a
3702 1293 3910 1379 Bege-

2403 1401 2482 1444 ro
2520 1378 2759 1443 finistre
2812 1399 3061 1443 annum
3119 1401 3205 1443 ex
3270 1400 3476 1455 nnmo
3547 1399 3912 1470 exeeptum

2400 1476 2688 1559 legendo
2729 1474 2908 1537 forte
2942 1475 3021 1539 L.
3057 1479 3138 1539 A.
3181 1495 3306 1560 pro
3347 1477 3428 1542 1..
3473 1483 3563 1556 Δ,
3633 1493 3708 1542 ut
3757 1483 3909 1545 sane

2398 1569 2846 1652 Begerianum
2883 1570 3057 1633 hunc
3102 1588 3348 1644 amium
3383 1574 3452 1635 in
3515 1575 3698 1637 nullo
3768 1577 3910 1641 alio

2406 1662 2796 1725 Mess'alinae
2832 1683 3042 1729 numo
3079 1684 3122 1729 a
3169 1669 3496 1749 quopiam
3556 1671 3909 1735 recitatum

2400 1776 2643 1841 reperi.

3138 1856 3171 1889 ἢ

2963 1905 2993 1936 ¹¹
3318 1908 3347 1941 ἢ

2697 1947 2901 2014 ΘΕΑ.
2921 1951 3354 2017 ΣΕΒΔΣΤΗ
3375 2000 3391 2031 ,
3443 1950 3906 2020 vesOTAAE-

2689 2041 2855 2105 PlA.
2878 2042 3431 2113 ΜΕΣΣΛΛ-ΙΝΑ.
3448 2049 3905 2115 ΣΕΒΑΣΤΗ.

2696 2134 2901 2220 Hnjus
2946 2150 3154 2223 caput.

2403 2227 2811 2315 Epigraphe,
2862 2242 2920 2296 et
2962 2244 3149 2317 caput
3192 2232 3454 2305 Claudii.
3509 2238 3654 2310 AE.
3694 2242 3774 2304 11.
3818 2240 3916 2303 vel

2406 2325 2524 2387 111.
2581 2325 3194 2409 (νεὶ11.,Μοιειιὶ,)

2499 2420 2669 2482 Sunt
2700 2418 2772 2480 bi
2811 2424 2996 2484 numi
3038 2422 3305 2488 urbium
3334 2423 3663 2489 Graeciae
3700 2428 3906 2489 incer-

2403 2525 2649 2577 tarum.

2691 2611 3315 2678 ΜΕΣΣΑΛΕΙΝΑ.
3449 2615 3902 2682 ΣΕΒΛΣΤΗ.

2689 2704 2897 2769 NEA.
2935 2708 3142 2772 HPA.
3178 2708 3391 2793 Hujus
3417 2719 3636 2794 caput,
3689 2709 3778 2776 ad
3801 2732 3909 2776 m·-

2673 2800 2791 2882 Jus
2817 2809 3031 2882 pectus
3069 2801 3228 2867 duae
3243 2804 3469 2887 spicae.

2401 2892 2475 2957 Γ.
2507 2894 2863 2958 ΚΑΔΙΟΣ.
2898 2896 3278 2961 ΡΟΤΦΟΣ.
3305 2902 3897 2967 ΛΝΘΤΠΑΤΟΣ.

2398 2987 2883 3058 ΝΕΙΚΔΕΩΝ.
2918 2991 3237 3055 Porticus.
3358 2995 3501 3057 AE.
3562 3001 3610 3062 1.
3686 2996 3904 3076 (vail-

2398 3081 2580 3159 lant,
2652 3085 3018 3147 correctius
3079 3085 3373 3151 Pellerin
3421 3090 3586 3154 Rec.
3661 3090 3784 3155 111.
3833 3110 3903 3175 p.

2405 3173 2601 3259 2²7.)
3911 3233 3918 3238 -

2425 3313 2432 3320 -
2495 3270 2640 3334 Ess'e
2673 3271 2850 3340 hunc
2892 3292 3165 3337 numum
3219 3274 3418 3359 hujus
3471 3277 3903 3354 Messalinae,

2400 3379 2796 3452 argumento
2838 3366 2949 3444 est,
3005 3371 3188 3452 quod
3231 3371 3626 3435 Pellerinius
3664 3375 3905 3436 eodem

2399 3463 2557 3525 loco
2595 3462 2846 3539 alium,
2898 3463 3039 3525 solo
3078 3461 3348 3528 Claudii
3398 3467 3636 3550 capite*
3683 3467 3906 3531 diver-

2398 3557 2539 3619 sum
2576 3558 2922 3640 proponit.
3017 3556 3123 3618 De
3162 3558 3543 3644 magistratu
3580 3559 3800 3624 Cadio
3839 3581 3904 3623 e·

2398 3652 2618 3734 gimus
2667 3651 2737 3712 in
2769 3651 3342 3718 numis.Nicaeae.
3395 3653 3666 3717 Titulus
3691 3656 3897 3719 NEA.

811 3745 916 3807 vit
946 3744 1056 3806 die
1092 3744 1331 3805 XXIX.
1384 3743 1658 3832 Augusti
1688 3747 1773 3812 V.
1823 3744 1898 3819 C,
1956 3759 2132 3825 794,
2184 3765 2321 3829 quo
2395 3746 2613 3817 HPA.
2660 3763 2828 3809 nova
2865 3746 3065 3822 Iuno,
3117 3766 3256 3812 non
3285 3768 3542 3813 novum
3609 3748 3699 3813 est
3744 3750 3903 3814 adu-

812 3838 959 3924 ipso
1008 3856 1186 3902 anno
1216 3836 1579 3902 secundum
1624 3839 2162 3904 verisnniliorem
2188 3841 2317 3903 sen·
2387 3838 2671 3906 lationis
2711 3852 3200 3925 argumentum.

813 3933 1093 3996 l'entiam
1123 3943 1325 3996 natus
1360 3932 1449 3996 est
1476 3934 1905 3997 Britannicus
1949 3935 2168 4000 mense
2197 3935 2327 3997 Fe-

814 4025 1091 4092 bruario
1108 4072 1162 4108 ,‚
1187 4038 1263 4088 ut
1295 4026 1473 4094 infra
1510 4031 1579 4091 in
1603 4028 1800 4113 hujus
1847 4031 1987 4094 vita
2028 4029 2319 4093 docebo.

813 4120 991 4207 Ergo
1033 4141 1185 4183 cum
1226 4132 1395 4188 nata
1440 4136 1581 4188 turn
1643 4124 1939 4187 nondum
1987 4121 2194 4186 fuerit
2230 4122 2322 4186 O-

816 4218 1069 4300 ctavia,
1092 4235 1307 4300 neque
1329 4221 1554 4302 potuit
1586 4216 1705 4280 [isti
1743 4220 1811 4280 in
1837 4237 2062 4280 numo.
2117 4216 2324 4298 Quod

815 4310 859 4370 fi
885 4356 905 4386 ,
956 4324 1030 4374 ut
1068 4309 1445 4376 existimant
1477 4313 1713 4397 aliqui,
1765 4310 2322 4374 Britannicusna-

884 4513 939 4578 ι)
978 4513 1040 4567 1..
1078 4514 1200 4569 Lx.
1230 4517 1270 4588 ς
1311 4533 1393 4570 η.
1582 4515 1637 4577 b)
1676 4516 1713 4569 1.
1751 4501 1862 4583 e.'§
1902 4530 1985 4567 22.

2583 4181 2588 4184 ,
2684 4077 3108 4188 νΑιΕιῖῐΑ.
3130 4080 3664 4191 ΜΕεέᾈωΝΑ.
3683 4124 3888 4190 Avo.

2687 4217 3334 4284 CYTHERONTE.
3386 4221 3632 4310 mun.
3694 4221 3906 4310 Hnjus

2691 4324 2897 4399 caput.

2158 4516 2204 4579 e)
2245 4473 2533 4572 TheCBr.
2573 4518 2642 4571 T.
2677 4517 2757 4576 11.
2791 4536 2847 4589 p.
2885 4521 3004 4588 ⁶²9·
