4225 5450
834 465 1046 616 ’538
2088 514 2834 602 ANTINOVS.

907 721 1174 790 insanus
1192 722 1531 788 Hadriani
1565 722 1631 786 in
1668 723 1846 787 hunc
1877 739 2159 813 puerum
2199 743 2422 802 amor,
2473 722 2741 788 *critica
2771 719 3006 785 nititur
3033 768 3053 801 ,
3104 717 3400 783 animum
3434 721 3578 803 jure
3623 720 3916 790 advertunt.

905 838 1128 904 prono
1155 817 1573 883 Graecorum
1600 817 1877 904 'ingenio
1912 820 2003 882 ad
2039 819 2424 886 consecr-an-
2508 815 2781 882 Constat
2804 863 2824 895 ‚
2879 835 3084 901 quam
3117 814 3183 877 se
3227 813 3542 882 industrie
3592 817 3652 878 in
3682 814 3916 902 effingen-

910 911 1038 978 dos
1080 915 1285 978 etiam
1322 917 1524 978 vivos
1555 961 1575 991 ‚
1630 915 1927 1000 cuipiam
1960 916 2242 979 deorum
2282 916 2426 978 suo·
2508 912 2612 977 dis
2650 913 2932 976 Antinoi
3001 910 3225 974 numia
3275 914 3637 975 exercuerit
3693 910 3921 975 saliario-

908 1003 1058 1072 rum'
1095 1011 1373 1074 Antinoi
1409 1010 1762 1095 personam
1803 1009 2075 1095 largiri,
2127 1023 2202 1073 ut
2236 1011 2427 1097 panl-
2507 1029 2657 1073 rum
2695 1027 2846 1087 m,
2901 1018 2968 1071 et
3012 1005 3326 1087 memini,
3379 1008 3446 1069 in
3484 1005 3692 1070 illustri
3724 1005 3920 1070 Christi·

906 1104 979 1167 Io
1014 1102 1160 1189 post
1191 1106 1393 1185 iidem
1413 1106 1858 1176 Abtandrini
1876 1107 2286 1169 Antoninum
2321 1107 2427 1168 Pi·
2508 1123 2640 1168 nae
2677 1104 2943 1180 museo,
2997 1103 3063 1164 in
3120 1120 3255 1186 quo
3292 1102 3622 1186 cimelium
3668 1101 3803 1165 illud
3836 1103 3924 1170 let·

908 1219 1022 1261 nm
1050 1247 1070 1277 ,
1123 1213 1189 1260 et
1218 1198 1599 1263 Faustinam
1641 1202 1840 1263 vivos
1885 1200 2231 1286 Serapidis
2261 1214 2330 1264 et
2363 1202 2429 1264 1-
2509 1212 2749 1274 vatur,
2806 1196 3147 1262 offendiffe
3191 1216 3302 1258 me
3342 1216 3578 1262 numos
3617 1217 3728 1269 non
3767 1201 3924 1261 modo

911 1291 1069 1357 fidis
1106 1289 1325 1379 speeie
1360 1291 1792 1380 proposuere.
1892 1295 2210 1379 Denique
2243 1299 2431 1381 quod
2504 1298 2652 1377 jure
2689 1293 3023 1379 suspectos
3050 1341 3069 1370 ,
3121 1293 3232 1355 sed
3281 1295 3489 1357 enam
3528 1296 3797 1376 antiquos
3823 1295 3924 1377 qui·

912 1392 1305 1472 cumprimis
1342 1391 1833 1454 observandum
1866 1439 1887 1468 ‚
1942 1394 2008 1454 in
2074 1392 2205 1456 hoc
2261 1413 2426 1476 quo·
2515 1393 2694 1468 dem,
2747 1391 2858 1453 l'ed
2889 1393 3060 1474 quos
3098 1390 3436 1452 recentior
3467 1388 3643 1454 fraus
3674 1392 3926 1474 deprava·

915 1505 1045 1567 que
1083 1505 1291 1547 numo
1348 1485 1565 1547 nullus
1618 1487 1855 1549 dubito
1914 1487 2270 1573 legendum
2348 1489 2425 1552 L.
2511 1489 2654 1564 vit,
2706 1488 2891 1568 eujus
2949 1484 3336 1569 exemplum
3373 1485 3530 1548 olim
3579 1485 3842 1570 proposui
3873 1485 3927 1545 in

912 1581 1037 1645 IH.
1064 1627 1083 1659 ,
1138 1599 1275 1642 non
1319 1581 1400 1643 L.
1427 1583 1509 1643 H.
1538 1628 1558 1657 ,
1611 1583 1794 1664 quod
1848 1595 1920 1644 ut
1954 1585 2273 1661 credam,
2324 1583 2427 1648 fa·
2509 1586 2682 1646 meis
2715 1584 2954 1645 Numis
2991 1581 3275 1644 veterib.
3320 1603 3385 1667 p.
3425 1585 3594 1658 286,
3641 1582 3783 1643 etin
3825 1600 3924 1642 cre·
3967 1579 3982 1604 ⁹

916 1677 1006 1736 cit
1053 1674 1423 1738 [imillimus
1493 1676 1665 1738 alter
1736 1680 1829 1740 ab
1908 1681 2426 1743 adcuratissimo
2510 1679 2656 1741 dito
2695 1679 2976 1740 Antinoi
3011 1695 3263 1754 nume,
3316 1679 3402 1739 de
3436 1697 3565 1760 qno
3605 1679 3699 1760 egi
3731 1676 3783 1738 in
3815 1694 3924 1761 ope-

913 1769 1142 1853 Zoe‘ga
1186 1789 1271 1832 ex
1302 1771 1527 1833 museo
1556 1775 1732 1860 regis
1762 1773 2137 1838 Galliarum
2190 1776 2426 1839 deleri·
2510 1776 2602 1836 tin
2641 1772 3016 1859 praesentia
3038 1772 3386 1835 volumine
3417 1772 3502 1835 11.
3552 1795 3612 1857 p.
3648 1785 3789 1850 408.

914 1877 1111 1948 ptus,
1163 1877 1229 1927 et
1252 1865 1330 1927 L.
1367 1867 1483 1931 IH.
1522 1869 1913 1954 inscriptus,
1965 1877 2027 1949 ⁸)
2076 1893 2276 1955 quem
2316 1875 2421 1935 de·
2607 1871 2714 1932 Ex
2748 1870 2851 1932 his
2885 1870 3213 1951 sapitur,
3270 1869 3522 1931 nullam
3549 1868 3728 1931 nobis
3756 1888 3824 1930 ex
3846 1885 3929 1928 m·

910 1961 1071 2023 inde
1108 1962 1377 2024 ratione
1406 1965 1737 2048 temporis
1779 1970 2102 2030 continuo
2139 1969 2432 2051 seqnitur
2513 1967 2642 2029 mis
2677 1965 3004 2027 hactenus
3043 1966 3327 2047 cognitis
3381 1967 3633 2049 imponi
3663 1963 3928 2026 necessita-

914 2058 1161 2120 citatus
1207 2058 1639 2139 Haymianus
1672 2080 1822 2122 eum
1861 2083 2039 2125 anno
2080 2064 2258 2128 XIX.
2511 2075 2652 2124 tem
2689 2061 2966 2123 Antinoi
2999 2073 3284 2122 mortem
3323 2061 3758 2145 anticipandi,
3800 2057 3930 2140 quod

928 2189 935 2198 -
1011 2158 1105 2214 At
1147 2152 1516 2216 molestiam
1566 2156 1792 2218 adhuc
1844 2153 2120 2221 facessit
2185 2177 2430 2221 numus
2516 2158 2677 2220 olim
2717 2158 2964 2218 censuit
3006 2157 3524 2220 Buonarrotius.
3569 2146 3629 2235 1θ)
3692 2154 3837 2234 Quin
3875 2172 3931 2211 ex

780 2309 785 2314 .
912 2247 1036 2310 111.
1076 2265 1226 2311 cnm
1261 2268 1443 2311 anno
1481 2250 1665 2313 xm.
1766 2251 2031 2316 Etenim
2090 2274 2242 2317 eum
2298 2259 2431 2317 An·
2511 2255 2732 2316 numis
2768 2252 2922 2336 iplis
2956 2253 3276 2330 Antinoi,
3331 2270 3609 2335 quorum
3654 2250 3932 2314 cenicum

914 2346 1143 2407 tinous
1175 2346 1249 2405 in
1284 2345 1407 2407 illo
1436 2350 1577 2428 jam
1620 2348 1885 2410 dicatur
1918 2349 2127 2428 heros,
2177 2351 2433 2413 neeeffe
2515 2369 2695 2412 anno
2741 2350 3077 2411 Hadriani
3123 2347 3370 2408 Xvul.
3424 2347 3763 2430 incipiunt,
3824 2343 3932 2404 satis

916 2437 1003 2501 est
1028 2487 1049 2518 ‚
1101 2442 1170 2502 in
1221 2443 1503 2503 mortuis
1556 2462 1707 2504 eum
1737 2446 1878 2525 jam
1921 2445 2109 2508 fuiss'e
2147 2467 2328 2510 anno
2347 2450 2432 2508 A·
2519 2443 2863 2507 manifeste
2901 2446 3176 2519 eruitur,
3203 2454 3351 2504 tam
3388 2456 3635 2504 matare
3672 2444 3791 2523 ejus
3807 2456 3933 2502 mor·

909 2535 1469 2614 lexandrinorum
1501 2536 1684 2600 xm.
1710 2585 1729 2615 ,
1789 2542 1905 2621 qui
1928 2542 2156 2624 coepit
2193 2562 2435 2605 exeun·
2518 2553 2657 2605 tem
2693 2560 2828 2602 non
2851 2542 2978 2602 elle
3013 2538 3562 2604 constituendam.
3653 2539 3801 2599 Nam
3832 2534 3933 2617 quis

912 2643 982 2695 te
1020 2630 1318 2717 Augusto
1366 2634 1523 2694 anni
1562 2635 1643 2696 V.
1687 2633 1758 2696 C.
1811 2648 1939 2707 88ι
1987 2684 2005 2710 ,
2057 2640 2240 2719 quod
2279 2638 2437 2699 sane
2520 2637 2778 2712 credat,
2831 2633 2874 2696 fi
2906 2637 3276 2698 Antinoum
3313 2654 3467 2697 cum
3502 2632 3802 2698 Chronico
3828 2629 3935 2691 Ale·

919 2728 1315 2790 adversatur
1357 2727 1722 2790 sententiae
1782 2728 2080 2807 nostrae,
2137 2752 2309 2813 qua,
2364 2744 2438 2793 ut
2519 2732 2858 2794 xandrino
2889 2744 3230 2815 mortuum
3255 2750 3437 2794 anno
3486 2733 3562 2821 V.
3607 2730 3677 2793 C.
3715 2744 3826 2807 875
3857 2724 3934 2786 fla·

920 2824 1118 2904 l’upra
1160 2824 1229 2883 in
1261 2823 1596 2883 Hadriani
1642 2827 1861 2883 nuntia
1902 2842 2064 2906 pag.
2105 2837 2246 2903 439
2282 2846 2435 2905 pra·
2517 2840 2832 2898 mamuS‚
2871 2829 3230 2891 continuis
3289 2828 3522 2910 primis
3582 2827 3779 2905 annia,
3826 2824 3934 2886 dun

922 2916 1283 2991 bavimus,
1337 2913 1677 2992 statuitur,
1730 2916 2159 2979 Hadrianum
2217 2921 2303 2980 V.
2359 2915 2436 2980 C.
2521 2936 2755 2980 recens
2806 2918 2935 2982 fuit
2995 2922 3334 2985 Hadriani
3409 2923 3637 2999 dolor,
3706 2916 3936 3003 atqueis

928 3027 1064 3095 833
1104 3014 1374 3073 demum
1412 3009 1600 3097 fuiss'e
1648 3012 1716 3073 in
1757 3018 2078 3098 Aegypto
2104 3062 2125 3091 ‚
2179 3034 2260 3077 ac
2293 3024 2437 3076 turn
2523 3034 2688 3078 mox
2731 3018 3194 3092 confeci-atne,
3248 3030 3317 3079 et
3356 3017 3654 3081 omnibus
3686 3023 3934 3079 mactatus

928 3120 1269 3172 mortuum
1301 3108 1695 3172 Antinoum.
1798 3108 2071 3170 Interim
2100 3157 2121 3185 ‚
2173 3109 2440 3186 fateor,
2528 3108 2902 3175 honoribus
2938 3158 2957 3187 ,
3026 3113 3283 3175 nullam
3339 3113 3428 3176 ab
3465 3109 3871 3175 Alexandrinis
3893 3106 3935 3165 ei

925 3226 1064 3269 non
1114 3224 1358 3287 patum
1393 3202 1715 3283 vellicat,
1769 3202 1905 3267 non
1936 3200 2208 3282 modo,
2261 3206 2444 3288 quod
2530 3207 2917 3269 dedicatam
2967 3220 3356 3285 monetam,
3409 3210 3520 3289 nili
3574 3208 3808 3273 velimus
3859 3219 3935 3264 nu·

930 3302 1166 3364 unicus
1199 3302 1258 3362 is
1295 3297 1384 3360 est
1423 3316 1573 3360 cum
1608 3299 1738 3361 hoc
1775 3320 1950 3361 anno
2010 3303 2290 3363 Antinoi
2330 3320 2444 3363 nu·
2529 3321 2680 3364 mos
2721 3303 2900 3365 intra
2938 3302 3069 3366 hoc
3109 3315 3383 3388 tempus
3421 3305 3602 3368 cnfios
3633 3319 3824 3366 omnes
3841 3295 3936 3356 for·

816 3414 821 3420 ·
931 3417 1127 3471 mus»,
1159 3408 1399 3479 'neque
1431 3414 1518 3456 ex
1559 3394 2077 3479 opulentissimis
2113 3397 2266 3460 aliis
2305 3416 2447 3458 mu·
2527 3399 2701 3460 tuito
2744 3399 3137 3483 deperditos
3194 3401 3508 3463 adserere
3535 3447 3554 3478 ,
3617 3398 3831 3461 tandem
3873 3386 3938 3451 ab

929 3492 1055 3555 seis
1094 3495 1234 3573 ejus
1260 3489 1488 3571 limilis
1525 3493 1860 3575 cognituS,
1913 3491 2019 3553 sed
2060 3494 2274 3555 multo
2301 3512 2443 3555 ma·
2531 3492 2709 3556 anno
2751 3497 2836 3557 V.
2873 3492 2947 3557 C.
2986 3506 3122 3573 887
3166 3493 3314 3579 post
3355 3514 3674 3559 annorum
3713 3489 3828 3553 ΧΠ.
3867 3487 3935 3545 in·

932 3589 1033 3673 gis
1081 3589 1314 3661 etiam,
1368 3586 1554 3666 quod
1596 3606 1836 3648 numus
1870 3585 1980 3647 hic
2012 3608 2097 3650 ex
2133 3589 2443 3650 omnibus
2527 3580 2885 3652 tei-vallum
2914 3636 2933 3666 ,
2989 3609 3139 3651 cum
3175 3594 3317 3670 jam
3379 3591 3712 3675 paullatim
3763 3579 3936 3645 resedit

935 3683 1170 3746 unicus
1224 3678 1351 3758 est,
1406 3682 1518 3762 qui
1570 3700 1816 3743 annum
1871 3682 2058 3743 XIII.
2104 3683 2186 3746 lic
2249 3684 2443 3768 plene
2526 3684 2766 3760 dolor,
2818 3698 3023 3768 atque
3055 3688 3194 3766 ejus
3238 3687 3633 3750 observandi
3661 3675 3936 3747 contentio,

936 3776 1016 3849 L,
1053 3772 1854 3843 ΤΡΙΕΚΑΙΔΕΚΛΤΟΤ
1894 3778 2261 3859 perscribat
2289 3799 2441 3841 con·
2528 3794 2813 3864 coeptos
2851 3782 3007 3844 cudi
3049 3800 3292 3844 numos
3334 3801 3486 3846 cum
3531 3785 3657 3860 ejus
3691 3773 3938 3856 imagine,

938 3886 1046 3936 tra
1083 3874 1316 3935 omnia
1352 3872 1492 3934 alia
1538 3873 1896 3955 exempla,
1950 3891 2100 3935 eum
2167 3878 2236 3937 in
2293 3875 2445 3937 aliis
2538 3895 2619 3938 ac
2659 3877 2976 3961 deinceps
3012 3896 3134 3960 per
3169 3877 3504 3961 reliquum
3545 3871 3826 3939 Hadriani
3858 3867 3939 3925 im·

936 3972 1158 4031 numis
1190 3968 1569 4043 Hadriani,
1616 3967 1995 4043 Antonini,
2048 3969 2306 4033 Aurelii
2362 3970 2452 4032 le·
2536 3973 2796 4055 perium
2844 3974 3325 4036 continuatos?
3374 3973 3648 4037 Accedit
3683 3975 3940 4051 argumen-

939 4078 1135 4149 gatur
1155 4065 1230 4128 L.
1259 4061 1661 4130 TPICKAC.
1695 4063 1841 4126 vel:
1893 4062 2269 4130 TPICKAI.
2291 4066 2451 4129 vel:
2536 4078 2678 4128 tum
2722 4060 2930 4147 alind,
2982 4081 3212 4152 atque,
3265 4069 3378 4131 elli
3405 4062 3725 4149 ἁρνητοιον,
3768 4071 3940 4155 τὶν-’φθῇ

941 4161 1392 4227 TPICKAIA.
1419 4206 1437 4236 ,
1479 4179 1697 4243 neque
1718 4160 1934 4226 aliter.
1986 4162 2456 4242 Atquifimilia
2542 4182 2747 4244 quam
2783 4174 3053 4238 tamen,
3105 4175 3179 4225 ut
3216 4168 3506 4250 opinor,
3555 4157 3830 4247 ignobile.
3898 4146 3942 4207 5¹

943 4257 1302 4320 observata
1328 4302 1346 4333 ,
1401 4269 1473 4318 ut
1503 4257 1570 4317 in
1598 4255 1749 4317 aliis
1777 4255 1987 4317 caulis
2022 4256 2205 4319 levia
2241 4258 2458 4320 videri
2532 4260 2730 4339 juxta
2767 4256 3086 4321 Chronici
3123 4260 3564 4324 Alexandrini
3599 4247 3942 4319 testimonium

940 4351 1330 4435 poffnnt,flc
1365 4352 1700 4429 innumis,
1735 4351 1802 4412 in
1824 4350 2064 4433 quibus
2084 4352 2458 4437 philologia
2536 4357 2675 4433 jam
2701 4374 2892 4417 ‚anno
2929 4358 3012 4422 V.
3051 4353 3127 4419 C.
3167 4369 3302 4442 875
3340 4358 3410 4420 in
3428 4359 3728 4440 Aegypto
3746 4339 3943 4410 fuitfla·

943 4472 3936 4523 mmm-*d

1009 4561 1067 4625 a)
1100 4556 1272 4611 Numi
1306 4559 1540 4630 Aegypt.
1575 4577 1639 4631 p,
1679 4561 1795 4622 146.
1830 4575 1887 4619 n,
1924 4568 2051 4625 388,
2248 4556 2308 4628 h>
2349 4557 2553 4614 Offerv.
2591 4558 2728 4617 istor.
2765 4577 2828 4631 p,
2866 4561 2956 4612 26.
