<?xml version="1.0" encoding="UTF-8"?>
<!DOCTYPE html PUBLIC "-//W3C//DTD XHTML 1.0 Transitional//EN"
    "http://www.w3.org/TR/xhtml1/DTD/xhtml1-transitional.dtd">
<html xmlns="http://www.w3.org/1999/xhtml" xml:lang="en" lang="en">
 <head>
  <title>
</title>
<meta http-equiv="Content-Type" content="text/html;charset=utf-8" />
  <meta name='ocr-system' content='tesseract 3.04.00' />
  <meta name='ocr-capabilities' content='ocr_page ocr_carea ocr_par ocr_line ocrx_word'/>
</head>
<body>
  <div class='ocr_page' id='page_1' title='image "./doctrinanumorum02unkngoog/doctrinanumorum02unkngoog_0315.png"; bbox 0 0 4225 5450; ppageno 0'>
   <div class='ocr_carea' id='block_1_1' title="bbox 1270 552 1806 673">
    <p class='ocr_par' dir='ltr' id='par_1_1' title="bbox 1270 552 1806 673">
     <span class='ocr_line' id='line_1_1' title="bbox 1270 552 1806 673; baseline -0.002 -42"><span class='ocrx_word' id='word_1_1' title='bbox 1270 552 1806 673; x_wconf 62' lang='lat' dir='ltr'><strong>vxosses</strong></span> 
     </span>
    </p>
   </div>
   <div class='ocr_carea' id='block_1_2' title="bbox 326 750 1839 1876">
    <p class='ocr_par' dir='ltr' id='par_1_2' title="bbox 331 750 1839 841">
     <span class='ocr_line' id='line_1_2' title="bbox 331 750 1839 841; baseline 0.001 -21"><span class='ocrx_word' id='word_1_2' title='bbox 331 752 737 841; x_wconf 75' lang='lat' dir='ltr'><strong>Epigraphe‚</strong></span> <span class='ocrx_word' id='word_1_3' title='bbox 806 764 865 819; x_wconf 83' lang='lat' dir='ltr'><strong>et</strong></span> <span class='ocrx_word' id='word_1_4' title='bbox 928 762 1112 840; x_wconf 76' lang='lat' dir='ltr'><strong>caput</strong></span> <span class='ocrx_word' id='word_1_5' title='bbox 1190 750 1451 819; x_wconf 71' lang='lat' dir='ltr'><strong>claudii.</strong></span> <span class='ocrx_word' id='word_1_6' title='bbox 1552 754 1692 820; x_wconf 79' lang='grc' dir='ltr'><strong>ΑΕ.</strong></span> <span class='ocrx_word' id='word_1_7' title='bbox 1731 759 1839 822; x_wconf 87' lang='lat'><strong>111.</strong></span> 
     </span>
    </p>

    <p class='ocr_par' dir='ltr' id='par_1_3' title="bbox 326 848 1838 1499">
     <span class='ocr_line' id='line_1_3' title="bbox 331 848 939 928; baseline -0.002 -14"><span class='ocrx_word' id='word_1_8' title='bbox 331 852 564 927; x_wconf 89' lang='lat' dir='ltr'><strong>(Vaill.</strong></span> <span class='ocrx_word' id='word_1_9' title='bbox 605 848 939 928; x_wconf 71' lang='lat' dir='ltr'><strong>Metelli.)</strong></span> 
     </span>
     <span class='ocr_line' id='line_1_4' title="bbox 340 941 1838 1009; baseline 0.001 -5"><span class='ocrx_word' id='word_1_10' title='bbox 340 996 349 1003; x_wconf 84' lang='lat'><strong>.</strong></span> <span class='ocrx_word' id='word_1_11' title='bbox 434 944 765 1008; x_wconf 80' lang='lat' dir='ltr'>Coloniae</span> <span class='ocrx_word' id='word_1_12' title='bbox 817 964 1062 1009; x_wconf 87' lang='lat' dir='ltr'><strong>nomen</strong></span> <span class='ocrx_word' id='word_1_13' title='bbox 1094 944 1433 1007; x_wconf 83' lang='lat' dir='ltr'><strong>reticetur.</strong></span> <span class='ocrx_word' id='word_1_14' title='bbox 1553 941 1664 1004; x_wconf 78' lang='lat' dir='ltr'><strong>&#39;Ex</strong></span> <span class='ocrx_word' id='word_1_15' title='bbox 1716 962 1838 1005; x_wconf 86' lang='lat' dir='ltr'><strong>no·</strong></span> 
     </span>
     <span class='ocr_line' id='line_1_5' title="bbox 334 1037 1836 1123; baseline -0.001 -23"><span class='ocrx_word' id='word_1_16' title='bbox 334 1037 512 1103; x_wconf 78' lang='lat' dir='ltr'><strong>mine</strong></span> <span class='ocrx_word' id='word_1_17' title='bbox 562 1039 997 1121; x_wconf 77' lang='lat' dir='ltr'><strong>Cytherontis</strong></span> <span class='ocrx_word' id='word_1_18' title='bbox 1064 1038 1259 1100; x_wconf 84' lang='lat' dir='ltr'><strong>IIviri</strong></span> <span class='ocrx_word' id='word_1_19' title='bbox 1284 1085 1305 1114; x_wconf 93' lang='lat'><strong>,</strong></span> <span class='ocrx_word' id='word_1_20' title='bbox 1375 1040 1557 1123; x_wconf 86' lang='lat' dir='ltr'><strong>quod</strong></span> <span class='ocrx_word' id='word_1_21' title='bbox 1632 1039 1836 1100; x_wconf 86' lang='lat' dir='ltr'><strong>etiam</strong></span> 
     </span>
     <span class='ocr_line' id='line_1_6' title="bbox 327 1130 1838 1218; baseline -0.001 -23"><span class='ocrx_word' id='word_1_22' title='bbox 327 1133 399 1194; x_wconf 89' lang='lat' dir='ltr'><strong>in</strong></span> <span class='ocrx_word' id='word_1_23' title='bbox 441 1152 647 1195; x_wconf 89' lang='lat' dir='ltr'><strong>numo</strong></span> <span class='ocrx_word' id='word_1_24' title='bbox 686 1130 955 1218; x_wconf 84' lang='lat' dir='ltr'><strong>Augusti</strong></span> <span class='ocrx_word' id='word_1_25' title='bbox 993 1133 1175 1215; x_wconf 90' lang='lat' dir='ltr'><strong>apud</strong></span> <span class='ocrx_word' id='word_1_26' title='bbox 1196 1130 1591 1195; x_wconf 86' lang='lat' dir='ltr'><strong>Corinthum</strong></span> <span class='ocrx_word' id='word_1_27' title='bbox 1633 1130 1838 1215; x_wconf 82' lang='lat' dir='ltr'><strong>[igna-</strong></span> 
     </span>
     <span class='ocr_line' id='line_1_7' title="bbox 326 1225 1836 1311; baseline -0.003 -21"><span class='ocrx_word' id='word_1_28' title='bbox 326 1238 401 1290; x_wconf 84' lang='lat' dir='ltr'><strong>to</strong></span> <span class='ocrx_word' id='word_1_29' title='bbox 440 1227 753 1303; x_wconf 87' lang='lat' dir='ltr'><strong>occurrit,</strong></span> <span class='ocrx_word' id='word_1_30' title='bbox 804 1226 1165 1311; x_wconf 79' lang='lat' dir='ltr'>probabile</span> <span class='ocrx_word' id='word_1_31' title='bbox 1202 1225 1300 1302; x_wconf 86' lang='lat' dir='ltr'><strong>fit,</strong></span> <span class='ocrx_word' id='word_1_32' title='bbox 1354 1226 1528 1289; x_wconf 87' lang='lat' dir='ltr'><strong>hunc</strong></span> <span class='ocrx_word' id='word_1_33' title='bbox 1568 1244 1836 1309; x_wconf 87' lang='lat' dir='ltr'><strong>quoque</strong></span> 
     </span>
     <span class='ocr_line' id='line_1_8' title="bbox 328 1321 1837 1405; baseline -0.001 -23"><span class='ocrx_word' id='word_1_34' title='bbox 328 1322 513 1405; x_wconf 84' lang='lat' dir='ltr'><strong>apud</strong></span> <span class='ocrx_word' id='word_1_35' title='bbox 544 1322 834 1396; x_wconf 80' lang='lat' dir='ltr'><strong>eandem</strong></span> <span class='ocrx_word' id='word_1_36' title='bbox 865 1321 1206 1385; x_wconf 86' lang='lat' dir='ltr'><strong>coloniam</strong></span> <span class='ocrx_word' id='word_1_37' title='bbox 1241 1322 1507 1384; x_wconf 76' lang='lat' dir='ltr'><strong>natales</strong></span> <span class='ocrx_word' id='word_1_38' title='bbox 1549 1321 1698 1383; x_wconf 82' lang='lat' dir='ltr'><strong>suos</strong></span> <span class='ocrx_word' id='word_1_39' title='bbox 1736 1340 1837 1382; x_wconf 88' lang='lat' dir='ltr'><strong>re·</strong></span> 
     </span>
     <span class='ocr_line' id='line_1_9' title="bbox 327 1416 586 1499; baseline 0 -21"><span class='ocrx_word' id='word_1_40' title='bbox 327 1416 586 1499; x_wconf 75' lang='lat' dir='ltr'><strong>periise.</strong></span> 
     </span>
    </p>

    <p class='ocr_par' dir='ltr' id='par_1_4' title="bbox 328 1506 1837 1876">
     <span class='ocr_line' id='line_1_10' title="bbox 431 1506 1835 1592; baseline 0.002 -20"><span class='ocrx_word' id='word_1_41' title='bbox 431 1508 756 1575; x_wconf 77' lang='lat' dir='ltr'><strong>Gemmas</strong></span> <span class='ocrx_word' id='word_1_42' title='bbox 781 1510 1171 1577; x_wconf 74' lang='lat' dir='ltr'><strong>Messalinae</strong></span> <span class='ocrx_word' id='word_1_43' title='bbox 1209 1511 1484 1575; x_wconf 89' lang='lat' dir='ltr'><strong>nomine</strong></span> <span class='ocrx_word' id='word_1_44' title='bbox 1519 1506 1835 1592; x_wconf 75' lang='lat' dir='ltr'><strong>scalptas,</strong></span> 
     </span>
     <span class='ocr_line' id='line_1_11' title="bbox 328 1602 1837 1686; baseline -0.001 -20"><span class='ocrx_word' id='word_1_45' title='bbox 328 1616 403 1666; x_wconf 81' lang='lat' dir='ltr'><strong>et</strong></span> <span class='ocrx_word' id='word_1_46' title='bbox 450 1602 639 1667; x_wconf 77' lang='lat' dir='ltr'><strong>testes</strong></span> <span class='ocrx_word' id='word_1_47' title='bbox 716 1603 991 1668; x_wconf 87' lang='lat' dir='ltr'><strong>infamis</strong></span> <span class='ocrx_word' id='word_1_48' title='bbox 1046 1609 1188 1686; x_wconf 82' lang='lat' dir='ltr'><strong>ejus</strong></span> <span class='ocrx_word' id='word_1_49' title='bbox 1238 1605 1581 1680; x_wconf 73' lang='lat' dir='ltr'><strong>libidinis,</strong></span> <span class='ocrx_word' id='word_1_50' title='bbox 1647 1615 1715 1665; x_wconf 88' lang='lat' dir='ltr'><strong>et</strong></span> <span class='ocrx_word' id='word_1_51' title='bbox 1768 1605 1837 1664; x_wconf 90' lang='lat' dir='ltr'><strong>in</strong></span> 
     </span>
     <span class='ocr_line' id='line_1_12' title="bbox 332 1692 1836 1784; baseline -0.001 -24"><span class='ocrx_word' id='word_1_52' title='bbox 332 1692 573 1781; x_wconf 64' lang='lat' dir='ltr'><strong>vulguk</strong></span> <span class='ocrx_word' id='word_1_53' title='bbox 615 1701 923 1783; x_wconf 82' lang='lat' dir='ltr'><strong>cognitae</strong></span> <span class='ocrx_word' id='word_1_54' title='bbox 960 1701 1193 1762; x_wconf 81' lang='lat' dir='ltr'><strong>videre</strong></span> <span class='ocrx_word' id='word_1_55' title='bbox 1227 1712 1424 1784; x_wconf 84' lang='lat' dir='ltr'><strong>potes</strong></span> <span class='ocrx_word' id='word_1_56' title='bbox 1455 1701 1523 1761; x_wconf 88' lang='lat' dir='ltr'><strong>in</strong></span> <span class='ocrx_word' id='word_1_57' title='bbox 1563 1696 1836 1760; x_wconf 83' lang='lat' dir='ltr'><strong>Catalo·</strong></span> 
     </span>
     <span class='ocr_line' id='line_1_13' title="bbox 333 1792 1833 1876; baseline 0 -22"><span class='ocrx_word' id='word_1_58' title='bbox 333 1812 423 1876; x_wconf 83' lang='lat' dir='ltr'><strong>go</strong></span> <span class='ocrx_word' id='word_1_59' title='bbox 475 1792 679 1854; x_wconf 88' lang='lat' dir='ltr'><strong>musei</strong></span> <span class='ocrx_word' id='word_1_60' title='bbox 738 1793 1109 1857; x_wconf 74' lang='lat' dir='ltr'><strong>Stoschiani</strong></span> <span class='ocrx_word' id='word_1_61' title='bbox 1172 1815 1217 1858; x_wconf 86' lang='lat' dir='ltr'><strong>a</strong></span> <span class='ocrx_word' id='word_1_62' title='bbox 1268 1792 1833 1858; x_wconf 84' lang='lat' dir='ltr'><strong>Winckelmanno</strong></span> 
     </span>
    </p>
   </div>
   <div class='ocr_carea' id='block_1_3' title="bbox 333 1886 1355 2144">
    <p class='ocr_par' dir='ltr' id='par_1_5' title="bbox 333 1886 1355 2144">
     <span class='ocr_line' id='line_1_14' title="bbox 333 1886 1301 1974; baseline 0.004 -26"><span class='ocrx_word' id='word_1_63' title='bbox 333 1886 683 1972; x_wconf 82' lang='lat' dir='ltr'><strong>conscripti</strong></span> <span class='ocrx_word' id='word_1_64' title='bbox 718 1907 873 1974; x_wconf 85' lang='lat' dir='ltr'><strong>pag.</strong></span> <span class='ocrx_word' id='word_1_65' title='bbox 919 1899 1084 1972; x_wconf 88' lang='lat'>443.</span> <span class='ocrx_word' id='word_1_66' title='bbox 1138 1900 1301 1966; x_wconf 82' lang='grc'><strong>444.</strong></span> 
     </span>
     <span class='ocr_line' id='line_1_15' title="bbox 813 2072 1355 2144; baseline -0.004 -3"><span class='ocrx_word' id='word_1_67' title='bbox 813 2072 1027 2144; x_wconf 71' lang='lat' dir='ltr'><strong>ERE</strong></span> <span class='ocrx_word' id='word_1_68' title='bbox 1046 2078 1149 2143; x_wconf 90' lang='lat' dir='ltr'><strong>TI</strong></span> <span class='ocrx_word' id='word_1_69' title='bbox 1178 2076 1355 2143; x_wconf 88' lang='lat' dir='ltr'><strong>VM.</strong></span> 
     </span>
    </p>
   </div>
   <div class='ocr_carea' id='block_1_4' title="bbox 426 2230 1832 2351">
    <p class='ocr_par' dir='ltr' id='par_1_6' title="bbox 426 2230 1832 2351">
     <span class='ocr_line' id='line_1_16' title="bbox 426 2230 1832 2351; baseline -0.001 -24"><span class='ocrx_word' id='word_1_70' title='bbox 426 2230 741 2351; x_wconf 67' lang='lat' dir='ltr'><strong>Demptis</strong></span> <span class='ocrx_word' id='word_1_71' title='bbox 778 2267 1078 2331; x_wconf 83' lang='lat' dir='ltr'><strong>laudatis</strong></span> <span class='ocrx_word' id='word_1_72' title='bbox 1131 2266 1602 2330; x_wconf 83' lang='lat' dir='ltr'><strong>Alexandrinis</strong></span> <span class='ocrx_word' id='word_1_73' title='bbox 1629 2310 1648 2339; x_wconf 90' lang='lat'><strong>,</strong></span> <span class='ocrx_word' id='word_1_74' title='bbox 1713 2264 1832 2345; x_wconf 77' lang='lat' dir='ltr'><strong>&#39;qui</strong></span> 
     </span>
    </p>
   </div>
   <div class='ocr_carea' id='block_1_5' title="bbox 334 2359 1831 2541">
    <p class='ocr_par' dir='ltr' id='par_1_7' title="bbox 334 2359 1831 2541">
     <span class='ocr_line' id='line_1_17' title="bbox 338 2359 1831 2444; baseline -0.003 -23"><span class='ocrx_word' id='word_1_75' title='bbox 338 2359 481 2422; x_wconf 86' lang='lat' dir='ltr'><strong>sunt</strong></span> <span class='ocrx_word' id='word_1_76' title='bbox 522 2361 723 2440; x_wconf 73' lang='lat' dir='ltr'><strong>Rari,</strong></span> <span class='ocrx_word' id='word_1_77' title='bbox 774 2361 1017 2443; x_wconf 78' lang='lat' dir='ltr'><strong>reliqui</strong></span> <span class='ocrx_word' id='word_1_78' title='bbox 1048 2388 1071 2444; x_wconf 55' lang='lat'><strong>‚¹</strong></span> <span class='ocrx_word' id='word_1_79' title='bbox 1117 2363 1483 2444; x_wconf 82' lang='lat' dir='ltr'><strong>praecipue</strong></span> <span class='ocrx_word' id='word_1_80' title='bbox 1506 2379 1673 2422; x_wconf 70' lang='lat' dir='ltr'><strong>cum</strong></span> <span class='ocrx_word' id='word_1_81' title='bbox 1735 2360 1831 2418; x_wconf 88' lang='lat' dir='ltr'><strong>in-</strong></span> 
     </span>
     <span class='ocr_line' id='line_1_18' title="bbox 334 2456 1831 2541; baseline -0.002 -27"><span class='ocrx_word' id='word_1_82' title='bbox 334 2458 504 2540; x_wconf 85' lang='lat' dir='ltr'><strong>tegri</strong></span> <span class='ocrx_word' id='word_1_83' title='bbox 546 2456 708 2535; x_wconf 87' lang='lat' dir='ltr'><strong>sunt,</strong></span> <span class='ocrx_word' id='word_1_84' title='bbox 732 2457 938 2520; x_wconf 65' lang='lat' dir='ltr'><strong>RRR„</strong></span> <span class='ocrx_word' id='word_1_85' title='bbox 976 2456 1307 2519; x_wconf 85' lang='lat' dir='ltr'><strong>calculum</strong></span> <span class='ocrx_word' id='word_1_86' title='bbox 1341 2464 1831 2541; x_wconf 75' lang='lat' dir='ltr'><strong>promerentur,</strong></span> 
     </span>
    </p>
   </div>
   <div class='ocr_carea' id='block_1_6' title="bbox 553 2642 1628 2903">
    <p class='ocr_par' dir='ltr' id='par_1_8' title="bbox 553 2642 1628 2903">
     <span class='ocr_line' id='line_1_19' title="bbox 553 2642 1628 2735; baseline -0.001 -28"><span class='ocrx_word' id='word_1_87' title='bbox 553 2642 768 2711; x_wconf 73' lang='lat' dir='ltr'><strong>Liberi</strong></span> <span class='ocrx_word' id='word_1_88' title='bbox 810 2645 1061 2712; x_wconf 74' lang='lat' dir='ltr'><strong>’Claudii</strong></span> <span class='ocrx_word' id='word_1_89' title='bbox 1081 2693 1100 2725; x_wconf 92' lang='lat'><strong>,</strong></span> <span class='ocrx_word' id='word_1_90' title='bbox 1152 2657 1211 2712; x_wconf 75' lang='lat' dir='ltr'><strong>et</strong></span> <span class='ocrx_word' id='word_1_91' title='bbox 1259 2643 1628 2735; x_wconf 72' lang='lat' dir='ltr'><strong>Mefflitinae.</strong></span> 
     </span>
     <span class='ocr_line' id='line_1_20' title="bbox 818 2831 1356 2903; baseline -0.002 -2"><span class='ocrx_word' id='word_1_92' title='bbox 818 2839 875 2901; x_wconf 89' lang='grc' dir='ltr'><em>Ο</em></span> <span class='ocrx_word' id='word_1_93' title='bbox 891 2831 945 2901; x_wconf 83' lang='lat' dir='ltr'><em>C</em></span> <span class='ocrx_word' id='word_1_94' title='bbox 964 2837 1098 2901; x_wconf 86' lang='lat' dir='ltr'><strong>TA</strong></span> <span class='ocrx_word' id='word_1_95' title='bbox 1122 2837 1192 2903; x_wconf 82' lang='lat' dir='ltr'><em>V</em></span> <span class='ocrx_word' id='word_1_96' title='bbox 1203 2838 1250 2901; x_wconf 89' lang='lat' dir='ltr'><strong><em>I</em></strong></span> <span class='ocrx_word' id='word_1_97' title='bbox 1271 2837 1356 2902; x_wconf 83' lang='lat' dir='ltr'><strong>A.</strong></span> 
     </span>
    </p>
   </div>
   <div class='ocr_carea' id='block_1_7' title="bbox 341 3019 1469 3110">
    <p class='ocr_par' dir='ltr' id='par_1_9' title="bbox 341 3019 1469 3110">
     <span class='ocr_line' id='line_1_21' title="bbox 341 3019 1469 3110; baseline 0.002 -26"><span class='ocrx_word' id='word_1_98' title='bbox 341 3023 722 3102; x_wconf 84' lang='lat' dir='ltr'><strong>Neronem,</strong></span> <span class='ocrx_word' id='word_1_99' title='bbox 776 3030 962 3110; x_wconf 85' lang='lat' dir='ltr'><strong>cujus</strong></span> <span class='ocrx_word' id='word_1_100' title='bbox 1002 3045 1085 3087; x_wconf 86' lang='lat' dir='ltr'><strong>ea</strong></span> <span class='ocrx_word' id='word_1_101' title='bbox 1120 3019 1292 3089; x_wconf 77' lang='lat' dir='ltr'><strong>uxor</strong></span> <span class='ocrx_word' id='word_1_102' title='bbox 1320 3024 1469 3089; x_wconf 83' lang='lat' dir='ltr'><strong>fuit.</strong></span> 
     </span>
    </p>
   </div>
   <div class='ocr_carea' id='block_1_8' title="bbox 604 3211 1500 3283">
    <p class='ocr_par' dir='ltr' id='par_1_10' title="bbox 604 3211 1500 3283">
     <span class='ocr_line' id='line_1_22' title="bbox 604 3211 1500 3283; baseline -0.004 -2"><span class='ocrx_word' id='word_1_103' title='bbox 604 3211 1500 3283; x_wconf 49' lang='lat' dir='ltr'><em>‘BRITANNICVAQ</em></span> 
     </span>
    </p>
   </div>
   <div class='ocr_carea' id='block_1_9' title="bbox 1911 552 3435 649">
    <p class='ocr_par' dir='ltr' id='par_1_11' title="bbox 1911 552 3435 649">
     <span class='ocr_line' id='line_1_23' title="bbox 1911 552 3435 649; baseline 0.01 -19"><span class='ocrx_word' id='word_1_104' title='bbox 1911 552 2503 632; x_wconf 83' lang='lat' dir='ltr'><strong>CLAVDII.</strong></span> <span class='ocrx_word' id='word_1_105' title='bbox 3289 568 3435 649; x_wconf 69' lang='lat'><strong>²53</strong></span> 
     </span>
    </p>
   </div>
   <div class='ocr_carea' id='block_1_10' title="bbox 1918 746 3425 2155">
    <p class='ocr_par' dir='ltr' id='par_1_12' title="bbox 1918 746 3425 2155">
     <span class='ocr_line' id='line_1_24' title="bbox 1918 746 3425 833; baseline 0.005 -17"><span class='ocrx_word' id='word_1_106' title='bbox 1918 751 2192 816; x_wconf 83' lang='lat' dir='ltr'><strong>testatur</strong></span> <span class='ocrx_word' id='word_1_107' title='bbox 2245 754 2404 815; x_wconf 90' lang='lat' dir='ltr'><strong>Dio.</strong></span> <span class='ocrx_word' id='word_1_108' title='bbox 2458 749 2519 833; x_wconf 79' lang='lat'><strong>⁸)</strong></span> <span class='ocrx_word' id='word_1_109' title='bbox 2571 746 2635 832; x_wconf 73' lang='lat'><strong>⁴¹)</strong></span> <span class='ocrx_word' id='word_1_110' title='bbox 2733 747 3030 816; x_wconf 83' lang='lat' dir='ltr'><strong>Nomina</strong></span> <span class='ocrx_word' id='word_1_111' title='bbox 3071 754 3286 820; x_wconf 87' lang='lat' dir='ltr'><strong>indita</strong></span> <span class='ocrx_word' id='word_1_112' title='bbox 3321 754 3425 823; x_wconf 84' lang='lat' dir='ltr'><strong>fu-</strong></span> 
     </span>
     <span class='ocr_line' id='line_1_25' title="bbox 1920 846 3424 933; baseline 0.004 -23"><span class='ocrx_word' id='word_1_113' title='bbox 1920 868 2029 910; x_wconf 86' lang='lat' dir='ltr'><strong>ere</strong></span> <span class='ocrx_word' id='word_1_114' title='bbox 2069 849 2191 919; x_wconf 80' lang='lat' dir='ltr'><strong>TI,</strong></span> <span class='ocrx_word' id='word_1_115' title='bbox 2266 847 2717 911; x_wconf 87' lang='lat' dir='ltr'><strong>CLAVDIVS</strong></span> <span class='ocrx_word' id='word_1_116' title='bbox 2790 846 3424 933; x_wconf 82' lang='lat' dir='ltr'><strong>GERMANICVS‚</strong></span> 
     </span>
     <span class='ocr_line' id='line_1_26' title="bbox 1919 941 3422 1028; baseline 0.004 -25"><span class='ocrx_word' id='word_1_117' title='bbox 1919 962 2082 1004; x_wconf 85' lang='lat' dir='ltr'><strong>mox</strong></span> <span class='ocrx_word' id='word_1_118' title='bbox 2115 946 2293 1005; x_wconf 76' lang='lat' dir='ltr'><strong>anno</strong></span> <span class='ocrx_word' id='word_1_119' title='bbox 2329 946 2410 1008; x_wconf 81' lang='lat' dir='ltr'><strong>V.</strong></span> <span class='ocrx_word' id='word_1_120' title='bbox 2454 941 2530 1007; x_wconf 90' lang='lat' dir='ltr'><strong>C.</strong></span> <span class='ocrx_word' id='word_1_121' title='bbox 2569 944 2707 1023; x_wconf 89' lang='lat'><strong>796</strong></span> <span class='ocrx_word' id='word_1_122' title='bbox 2737 989 2757 1020; x_wconf 95' lang='lat'><strong>,</strong></span> <span class='ocrx_word' id='word_1_123' title='bbox 2809 962 2961 1004; x_wconf 90' lang='lat' dir='ltr'><strong>cum</strong></span> <span class='ocrx_word' id='word_1_124' title='bbox 3005 948 3181 1028; x_wconf 86' lang='lat' dir='ltr'><strong>patri</strong></span> <span class='ocrx_word' id='word_1_125' title='bbox 3219 945 3422 1009; x_wconf 82' lang='lat' dir='ltr'><strong>Clau·</strong></span> 
     </span>
     <span class='ocr_line' id='line_1_27' title="bbox 1922 1034 3415 1124; baseline 0.005 -25"><span class='ocrx_word' id='word_1_126' title='bbox 1922 1036 2035 1099; x_wconf 89' lang='lat' dir='ltr'><strong>dio</strong></span> <span class='ocrx_word' id='word_1_127' title='bbox 2070 1034 2164 1097; x_wconf 86' lang='lat' dir='ltr'><strong>ob</strong></span> <span class='ocrx_word' id='word_1_128' title='bbox 2195 1057 2305 1098; x_wconf 83' lang='lat' dir='ltr'><strong>res</strong></span> <span class='ocrx_word' id='word_1_129' title='bbox 2342 1040 2410 1097; x_wconf 93' lang='lat' dir='ltr'><strong>in</strong></span> <span class='ocrx_word' id='word_1_130' title='bbox 2453 1038 2802 1099; x_wconf 85' lang='lat' dir='ltr'><strong>Britannia</strong></span> <span class='ocrx_word' id='word_1_131' title='bbox 2845 1038 3162 1121; x_wconf 84' lang='lat' dir='ltr'><strong>prospere</strong></span> <span class='ocrx_word' id='word_1_132' title='bbox 3204 1039 3415 1124; x_wconf 69' lang='lat' dir='ltr'><strong>gestas</strong></span> 
     </span>
     <span class='ocr_line' id='line_1_28' title="bbox 1919 1130 3420 1215; baseline 0.003 -21"><span class='ocrx_word' id='word_1_133' title='bbox 1919 1133 2281 1195; x_wconf 69' lang='lat' dir='ltr'><strong>Britannici</strong></span> <span class='ocrx_word' id='word_1_134' title='bbox 2314 1131 2542 1193; x_wconf 86' lang='lat' dir='ltr'><strong>titulus</strong></span> <span class='ocrx_word' id='word_1_135' title='bbox 2579 1152 2660 1193; x_wconf 84' lang='lat' dir='ltr'><strong>ex</strong></span> <span class='ocrx_word' id='word_1_136' title='bbox 2699 1131 2768 1197; x_wconf 90' lang='lat' dir='ltr'><strong>S.</strong></span> <span class='ocrx_word' id='word_1_137' title='bbox 2810 1130 2889 1194; x_wconf 89' lang='lat' dir='ltr'><strong>C.</strong></span> <span class='ocrx_word' id='word_1_138' title='bbox 2930 1132 3420 1215; x_wconf 73' lang='lat' dir='ltr'><strong>decerneretur,</strong></span> 
     </span>
     <span class='ocr_line' id='line_1_29' title="bbox 1918 1212 3422 1294; baseline 0.005 -8"><span class='ocrx_word' id='word_1_139' title='bbox 1918 1226 2099 1287; x_wconf 88' lang='lat' dir='ltr'><strong>idem</strong></span> <span class='ocrx_word' id='word_1_140' title='bbox 2132 1244 2380 1287; x_wconf 86' lang='lat' dir='ltr'><strong>nomen</strong></span> <span class='ocrx_word' id='word_1_141' title='bbox 2409 1226 2986 1291; x_wconf 81' lang='lat' dir='ltr'><strong>communicatum</strong></span> <span class='ocrx_word' id='word_1_142' title='bbox 3023 1229 3226 1291; x_wconf 88' lang='lat' dir='ltr'><strong>etiam</strong></span> <span class='ocrx_word' id='word_1_143' title='bbox 3268 1212 3422 1294; x_wconf 65' lang='lat' dir='ltr'><strong>cunr</strong></span> 
     </span>
     <span class='ocr_line' id='line_1_30' title="bbox 1918 1317 3423 1406; baseline 0.007 -26"><span class='ocrx_word' id='word_1_144' title='bbox 1918 1317 2108 1395; x_wconf 89' lang='lat' dir='ltr'><strong>filio,</strong></span> <span class='ocrx_word' id='word_1_145' title='bbox 2159 1319 2246 1382; x_wconf 66' lang='lat' dir='ltr'><strong>sio</strong></span> <span class='ocrx_word' id='word_1_146' title='bbox 2290 1333 2364 1382; x_wconf 83' lang='lat' dir='ltr'><strong>ut</strong></span> <span class='ocrx_word' id='word_1_147' title='bbox 2411 1319 2588 1400; x_wconf 77' lang='lat' dir='ltr'><strong>q⁴uafi</strong></span> <span class='ocrx_word' id='word_1_148' title='bbox 2628 1323 2905 1406; x_wconf 89' lang='lat' dir='ltr'><strong>proprio</strong></span> <span class='ocrx_word' id='word_1_149' title='bbox 2955 1322 3070 1385; x_wconf 87' lang='lat' dir='ltr'><strong>suo</strong></span> <span class='ocrx_word' id='word_1_150' title='bbox 3148 1324 3423 1391; x_wconf 83' lang='lat' dir='ltr'><strong>nomine</strong></span> 
     </span>
     <span class='ocr_line' id='line_1_31' title="bbox 1918 1406 3420 1500; baseline 0.005 -24"><span class='ocrx_word' id='word_1_151' title='bbox 1918 1413 2536 1481; x_wconf 71' lang='lat' dir='ltr'><strong>BmTANMCVS</strong></span> <span class='ocrx_word' id='word_1_152' title='bbox 2571 1415 2926 1480; x_wconf 85' lang='lat' dir='ltr'><strong>diceretur.</strong></span> <span class='ocrx_word' id='word_1_153' title='bbox 2977 1406 3034 1492; x_wconf 76' lang='grc' dir='ltr'><strong>ιἿ</strong></span> <span class='ocrx_word' id='word_1_154' title='bbox 3115 1418 3275 1500; x_wconf 80' lang='lat' dir='ltr'><strong>Ejus</strong></span> <span class='ocrx_word' id='word_1_155' title='bbox 3311 1437 3420 1483; x_wconf 70' lang='lat' dir='ltr'><strong>rea</strong></span> 
     </span>
     <span class='ocr_line' id='line_1_32' title="bbox 1918 1507 3420 1592; baseline 0.004 -22"><span class='ocrx_word' id='word_1_156' title='bbox 1918 1507 2143 1571; x_wconf 81' lang='lat' dir='ltr'><strong>laetae</strong></span> <span class='ocrx_word' id='word_1_157' title='bbox 2183 1508 2371 1571; x_wconf 75' lang='lat' dir='ltr'><strong>fuere</strong></span> <span class='ocrx_word' id='word_1_158' title='bbox 2393 1554 2413 1585; x_wconf 91' lang='lat'><strong>,</strong></span> <span class='ocrx_word' id='word_1_159' title='bbox 2465 1513 2697 1592; x_wconf 86' lang='lat' dir='ltr'><strong>quoad</strong></span> <span class='ocrx_word' id='word_1_160' title='bbox 2733 1511 2911 1573; x_wconf 78' lang='lat' dir='ltr'><strong>vixit</strong></span> <span class='ocrx_word' id='word_1_161' title='bbox 2943 1523 3162 1574; x_wconf 84' lang='lat' dir='ltr'><strong>mater</strong></span> <span class='ocrx_word' id='word_1_162' title='bbox 3181 1512 3420 1577; x_wconf 71' lang='lat' dir='ltr'><strong>Metra-</strong></span> 
     </span>
     <span class='ocr_line' id='line_1_33' title="bbox 1919 1600 3417 1691; baseline 0.005 -29"><span class='ocrx_word' id='word_1_163' title='bbox 1919 1600 2101 1679; x_wconf 79' lang='lat' dir='ltr'><strong>lina;</strong></span> <span class='ocrx_word' id='word_1_164' title='bbox 2151 1623 2384 1667; x_wconf 84' lang='lat' dir='ltr'><strong>verum</strong></span> <span class='ocrx_word' id='word_1_165' title='bbox 2419 1603 2555 1666; x_wconf 87' lang='lat' dir='ltr'><strong>hac</strong></span> <span class='ocrx_word' id='word_1_166' title='bbox 2601 1607 2684 1666; x_wconf 79' lang='lat' dir='ltr'><strong>V.</strong></span> <span class='ocrx_word' id='word_1_167' title='bbox 2735 1602 2816 1673; x_wconf 90' lang='lat' dir='ltr'><strong>C.</strong></span> <span class='ocrx_word' id='word_1_168' title='bbox 2884 1618 3012 1678; x_wconf 81' lang='lat'><strong>801</strong></span> <span class='ocrx_word' id='word_1_169' title='bbox 3091 1605 3417 1691; x_wconf 78' lang='lat' dir='ltr'><strong>supplicio</strong></span> 
     </span>
     <span class='ocr_line' id='line_1_34' title="bbox 1919 1695 3422 1783; baseline -0.003 -23"><span class='ocrx_word' id='word_1_170' title='bbox 1919 1695 2235 1774; x_wconf 87' lang='lat' dir='ltr'><strong>adfecta,</strong></span> <span class='ocrx_word' id='word_1_171' title='bbox 2289 1711 2355 1760; x_wconf 89' lang='lat' dir='ltr'><strong>et</strong></span> <span class='ocrx_word' id='word_1_172' title='bbox 2391 1700 2765 1783; x_wconf 83' lang='lat' dir='ltr'><strong>Agrippina</strong></span> <span class='ocrx_word' id='word_1_173' title='bbox 2828 1701 2896 1762; x_wconf 86' lang='lat' dir='ltr'><strong>in</strong></span> <span class='ocrx_word' id='word_1_174' title='bbox 2955 1699 3225 1763; x_wconf 83' lang='lat' dir='ltr'><strong>Claudii</strong></span> <span class='ocrx_word' id='word_1_175' title='bbox 3282 1701 3422 1765; x_wconf 82' lang='lat' dir='ltr'><strong>do..</strong></span> 
     </span>
     <span class='ocr_line' id='line_1_35' title="bbox 1918 1793 3420 1878; baseline 0.003 -24"><span class='ocrx_word' id='word_1_176' title='bbox 1918 1811 2101 1855; x_wconf 85' lang='lat' dir='ltr'><strong>mum</strong></span> <span class='ocrx_word' id='word_1_177' title='bbox 2135 1793 2415 1856; x_wconf 88' lang='lat' dir='ltr'><strong>inducta</strong></span> <span class='ocrx_word' id='word_1_178' title='bbox 2447 1804 2628 1855; x_wconf 86' lang='lat' dir='ltr'><strong>retro</strong></span> <span class='ocrx_word' id='word_1_179' title='bbox 2648 1793 2839 1858; x_wconf 80' lang='lat' dir='ltr'><strong>versa</strong></span> <span class='ocrx_word' id='word_1_180' title='bbox 2874 1796 3091 1859; x_wconf 83' lang='lat' dir='ltr'><strong>omnis</strong></span> <span class='ocrx_word' id='word_1_181' title='bbox 3120 1794 3420 1878; x_wconf 82' lang='lat' dir='ltr'><strong>fortuna,</strong></span> 
     </span>
     <span class='ocr_line' id='line_1_36' title="bbox 1919 1887 3418 1971; baseline 0.005 -24"><span class='ocrx_word' id='word_1_182' title='bbox 1919 1898 1988 1947; x_wconf 85' lang='lat' dir='ltr'><strong>et</strong></span> <span class='ocrx_word' id='word_1_183' title='bbox 2024 1888 2326 1971; x_wconf 89' lang='lat' dir='ltr'><strong>imperii,</strong></span> <span class='ocrx_word' id='word_1_184' title='bbox 2379 1887 2468 1950; x_wconf 86' lang='lat' dir='ltr'><strong>ad</strong></span> <span class='ocrx_word' id='word_1_185' title='bbox 2505 1889 2687 1969; x_wconf 89' lang='lat' dir='ltr'><strong>quod</strong></span> <span class='ocrx_word' id='word_1_186' title='bbox 2724 1909 2847 1971; x_wconf 85' lang='lat' dir='ltr'><strong>per</strong></span> <span class='ocrx_word' id='word_1_187' title='bbox 2900 1889 3163 1953; x_wconf 75' lang='lat' dir='ltr'><strong>natales</strong></span> <span class='ocrx_word' id='word_1_188' title='bbox 3227 1888 3418 1953; x_wconf 83' lang='lat' dir='ltr'><strong>desti-</strong></span> 
     </span>
     <span class='ocr_line' id='line_1_37' title="bbox 1918 1976 3419 2068; baseline 0.003 -25"><span class='ocrx_word' id='word_1_189' title='bbox 1918 1994 2119 2045; x_wconf 76' lang='lat' dir='ltr'><strong>natus</strong></span> <span class='ocrx_word' id='word_1_190' title='bbox 2161 1976 2429 2058; x_wconf 77' lang='lat' dir='ltr'><strong>fuerat,</strong></span> <span class='ocrx_word' id='word_1_191' title='bbox 2498 1981 2909 2065; x_wconf 84' lang='lat' dir='ltr'><strong>adipiscendi</strong></span> <span class='ocrx_word' id='word_1_192' title='bbox 2961 1983 3127 2068; x_wconf 84' lang='lat' dir='ltr'><strong>spes.</strong></span> <span class='ocrx_word' id='word_1_193' title='bbox 3237 1984 3419 2050; x_wconf 79' lang='lat' dir='ltr'><strong>Nam</strong></span> 
     </span>
     <span class='ocr_line' id='line_1_38' title="bbox 1921 2073 3420 2155; baseline 0.005 -18"><span class='ocrx_word' id='word_1_194' title='bbox 1921 2079 2058 2155; x_wconf 74' lang='lat' dir='ltr'><strong>ejus</strong></span> <span class='ocrx_word' id='word_1_195' title='bbox 2091 2077 2351 2145; x_wconf 75' lang='lat' dir='ltr'><strong>artibus</strong></span> <span class='ocrx_word' id='word_1_196' title='bbox 2388 2073 2700 2138; x_wconf 86' lang='lat' dir='ltr'><strong>effectum</strong></span> <span class='ocrx_word' id='word_1_197' title='bbox 2724 2124 2743 2149; x_wconf 84' lang='lat'><strong>,</strong></span> <span class='ocrx_word' id='word_1_198' title='bbox 2795 2089 2869 2139; x_wconf 91' lang='lat' dir='ltr'><strong>ut</strong></span> <span class='ocrx_word' id='word_1_199' title='bbox 2901 2076 3079 2141; x_wconf 78' lang='lat' dir='ltr'><strong>filius</strong></span> <span class='ocrx_word' id='word_1_200' title='bbox 3117 2077 3238 2142; x_wconf 90' lang='lat' dir='ltr'><strong>Cn.</strong></span> <span class='ocrx_word' id='word_1_201' title='bbox 3269 2078 3420 2144; x_wconf 84' lang='lat' dir='ltr'><strong>Do-</strong></span> 
     </span>
    </p>
   </div>
   <div class='ocr_carea' id='block_1_11' title="bbox 1793 2168 3418 2257">
    <p class='ocr_par' dir='ltr' id='par_1_13' title="bbox 1793 2168 3418 2257">
     <span class='ocr_line' id='line_1_39' title="bbox 1793 2168 3418 2257; baseline 0.005 -28"><span class='ocrx_word' id='word_1_202' title='bbox 1793 2184 1797 2188; x_wconf 84' lang='lat'><em>·</em></span> <span class='ocrx_word' id='word_1_203' title='bbox 1914 2170 2147 2232; x_wconf 84' lang='lat' dir='ltr'><strong>mitius</strong></span> <span class='ocrx_word' id='word_1_204' title='bbox 2190 2172 2255 2231; x_wconf 89' lang='lat' dir='ltr'><strong>in</strong></span> <span class='ocrx_word' id='word_1_205' title='bbox 2297 2168 2655 2232; x_wconf 81' lang='lat' dir='ltr'><strong>Caesarum</strong></span> <span class='ocrx_word' id='word_1_206' title='bbox 2713 2172 2990 2234; x_wconf 83' lang='lat' dir='ltr'><strong>domum</strong></span> <span class='ocrx_word' id='word_1_207' title='bbox 3049 2175 3418 2257; x_wconf 81' lang='lat' dir='ltr'><strong>adoptatus</strong></span> 
     </span>
    </p>
   </div>
   <div class='ocr_carea' id='block_1_12' title="bbox 1914 2262 3421 2537">
    <p class='ocr_par' dir='ltr' id='par_1_14' title="bbox 1914 2262 3421 2537">
     <span class='ocr_line' id='line_1_40' title="bbox 1915 2262 3416 2357; baseline 0.003 -33"><span class='ocrx_word' id='word_1_208' title='bbox 1915 2262 2091 2325; x_wconf 74' lang='lat' dir='ltr'><strong>filius</strong></span> <span class='ocrx_word' id='word_1_209' title='bbox 2134 2262 2434 2347; x_wconf 82' lang='lat' dir='ltr'><strong>Augusti,</strong></span> <span class='ocrx_word' id='word_1_210' title='bbox 2485 2276 2550 2325; x_wconf 86' lang='lat' dir='ltr'><strong>et</strong></span> <span class='ocrx_word' id='word_1_211' title='bbox 2581 2264 2974 2357; x_wconf 67' lang='lat' dir='ltr'><strong>desponsata</strong></span> <span class='ocrx_word' id='word_1_212' title='bbox 3023 2266 3293 2329; x_wconf 89' lang='lat' dir='ltr'><strong>Claudii</strong></span> <span class='ocrx_word' id='word_1_213' title='bbox 3343 2269 3416 2330; x_wconf 81' lang='lat' dir='ltr'><strong>fi-</strong></span> 
     </span>
     <span class='ocr_line' id='line_1_41' title="bbox 1914 2356 3419 2441; baseline 0.005 -24"><span class='ocrx_word' id='word_1_214' title='bbox 1914 2356 2007 2419; x_wconf 88' lang='lat' dir='ltr'><strong>lia</strong></span> <span class='ocrx_word' id='word_1_215' title='bbox 2045 2358 2342 2421; x_wconf 80' lang='lat' dir='ltr'><strong>Octavia</strong></span> <span class='ocrx_word' id='word_1_216' title='bbox 2381 2377 2584 2441; x_wconf 88' lang='lat' dir='ltr'><strong>gener</strong></span> <span class='ocrx_word' id='word_1_217' title='bbox 2646 2378 2782 2420; x_wconf 89' lang='lat' dir='ltr'><strong>una</strong></span> <span class='ocrx_word' id='word_1_218' title='bbox 2832 2360 3187 2424; x_wconf 85' lang='lat' dir='ltr'><strong>diceretur.</strong></span> <span class='ocrx_word' id='word_1_219' title='bbox 3313 2363 3419 2425; x_wconf 81' lang='lat' dir='ltr'><strong>Ex</strong></span> 
     </span>
     <span class='ocr_line' id='line_1_42' title="bbox 1915 2448 3421 2537; baseline 0.004 -24"><span class='ocrx_word' id='word_1_220' title='bbox 1915 2448 2047 2514; x_wconf 84' lang='lat' dir='ltr'><strong>hoc</strong></span> <span class='ocrx_word' id='word_1_221' title='bbox 2068 2454 2319 2535; x_wconf 79' lang='lat' dir='ltr'><strong>spretus</strong></span> <span class='ocrx_word' id='word_1_222' title='bbox 2337 2454 2551 2515; x_wconf 87' lang='lat' dir='ltr'><strong>indies</strong></span> <span class='ocrx_word' id='word_1_223' title='bbox 2571 2455 2786 2537; x_wconf 82' lang='lat' dir='ltr'><strong>magis</strong></span> <span class='ocrx_word' id='word_1_224' title='bbox 2803 2455 3228 2518; x_wconf 80' lang='lat' dir='ltr'><strong>Britannicus</strong></span> <span class='ocrx_word' id='word_1_225' title='bbox 3244 2454 3421 2519; x_wconf 87' lang='lat' dir='ltr'><strong>triste</strong></span> 
     </span>
    </p>
   </div>
   <div class='ocr_carea' id='block_1_13' title="bbox 424 2545 3536 3017">
    <p class='ocr_par' dir='ltr' id='par_1_15' title="bbox 424 2545 3536 3017">
     <span class='ocr_line' id='line_1_43' title="bbox 1911 2545 3420 2634; baseline -0.001 -20"><span class='ocrx_word' id='word_1_226' title='bbox 1911 2548 2155 2615; x_wconf 86' lang='lat' dir='ltr'><strong>habuit</strong></span> <span class='ocrx_word' id='word_1_227' title='bbox 2189 2545 2457 2610; x_wconf 80' lang='lat' dir='ltr'><strong>futurae</strong></span> <span class='ocrx_word' id='word_1_228' title='bbox 2487 2545 2802 2611; x_wconf 86' lang='lat' dir='ltr'><strong>fortunae</strong></span> <span class='ocrx_word' id='word_1_229' title='bbox 2823 2549 3269 2634; x_wconf 80' lang='lat' dir='ltr'><strong>praesagium,</strong></span> <span class='ocrx_word' id='word_1_230' title='bbox 3317 2553 3420 2612; x_wconf 78' lang='lat' dir='ltr'><strong>ni-</strong></span> 
     </span>
     <span class='ocr_line' id='line_1_44' title="bbox 1909 2641 3417 2731; baseline 0.001 -24"><span class='ocrx_word' id='word_1_231' title='bbox 1909 2642 2140 2729; x_wconf 77' lang='lat' dir='ltr'><strong>hilque</strong></span> <span class='ocrx_word' id='word_1_232' title='bbox 2155 2641 2417 2728; x_wconf 82' lang='lat' dir='ltr'><strong>profuit</strong></span> <span class='ocrx_word' id='word_1_233' title='bbox 2439 2641 2663 2705; x_wconf 75' lang='lat' dir='ltr'><strong>versus</strong></span> <span class='ocrx_word' id='word_1_234' title='bbox 2693 2644 2996 2727; x_wconf 73' lang='lat' dir='ltr'><strong>parentia</strong></span> <span class='ocrx_word' id='word_1_235' title='bbox 3041 2662 3260 2729; x_wconf 86' lang='lat' dir='ltr'><strong>amor,</strong></span> <span class='ocrx_word' id='word_1_236' title='bbox 3280 2665 3417 2731; x_wconf 90' lang='lat' dir='ltr'><strong>quo</strong></span> 
     </span>
     <span class='ocr_line' id='line_1_45' title="bbox 1912 2738 3419 2823; baseline 0.001 -20"><span class='ocrx_word' id='word_1_237' title='bbox 1912 2738 2326 2823; x_wconf 86' lang='lat' dir='ltr'><strong>Agrippinae</strong></span> <span class='ocrx_word' id='word_1_238' title='bbox 2352 2738 2826 2823; x_wconf 89' lang='lat' dir='ltr'><strong>impotentiam</strong></span> <span class='ocrx_word' id='word_1_239' title='bbox 2846 2740 3185 2822; x_wconf 83' lang='lat' dir='ltr'><strong>pertaesus</strong></span> <span class='ocrx_word' id='word_1_240' title='bbox 3211 2741 3419 2804; x_wconf 88' lang='lat' dir='ltr'><strong>colla·</strong></span> 
     </span>
     <span class='ocr_line' id='line_1_46' title="bbox 1856 2827 3536 2919; baseline 0.003 -25"><span class='ocrx_word' id='word_1_241' title='bbox 1856 2847 1869 2860; x_wconf 87' lang='lat'><strong>·</strong></span> <span class='ocrx_word' id='word_1_242' title='bbox 1912 2834 2099 2916; x_wconf 77' lang='lat' dir='ltr'><strong>psum</strong></span> <span class='ocrx_word' id='word_1_243' title='bbox 2141 2831 2376 2900; x_wconf 58' lang='lat' dir='ltr'><strong>..denuo</strong></span> <span class='ocrx_word' id='word_1_244' title='bbox 2411 2831 2623 2896; x_wconf 81' lang='lat' dir='ltr'><strong>filium</strong></span> <span class='ocrx_word' id='word_1_245' title='bbox 2668 2832 2994 2917; x_wconf 77' lang='lat' dir='ltr'><strong>respexit;</strong></span> <span class='ocrx_word' id='word_1_246' title='bbox 3043 2831 3103 2915; x_wconf 69' lang='grc' dir='ltr'><strong>ο)</strong></span> <span class='ocrx_word' id='word_1_247' title='bbox 3152 2854 3312 2899; x_wconf 89' lang='lat' dir='ltr'><strong>nam</strong></span> <span class='ocrx_word' id='word_1_248' title='bbox 3347 2837 3420 2899; x_wconf 89' lang='lat' dir='ltr'><strong>id</strong></span> <span class='ocrx_word' id='word_1_249' title='bbox 3497 2827 3536 2919; x_wconf 69' lang='grc' dir='ltr'><strong> </strong></span> 
     </span>
     <span class='ocr_line' id='line_1_47' title="bbox 424 2925 3530 3017; baseline 0.002 -28"><span class='ocrx_word' id='word_1_250' title='bbox 424 2925 545 2990; x_wconf 76' lang='lat' dir='ltr'><strong>De</strong></span> <span class='ocrx_word' id='word_1_251' title='bbox 595 2928 762 3007; x_wconf 88' lang='lat' dir='ltr'><strong>hac,</strong></span> <span class='ocrx_word' id='word_1_252' title='bbox 812 2936 1083 3013; x_wconf 84' lang='lat' dir='ltr'><strong>ejusque</strong></span> <span class='ocrx_word' id='word_1_253' title='bbox 1135 2932 1357 2996; x_wconf 74' lang='lat' dir='ltr'><strong>num‘is</strong></span> <span class='ocrx_word' id='word_1_254' title='bbox 1405 2942 1640 3017; x_wconf 84' lang='lat' dir='ltr'><strong>agetur</strong></span> <span class='ocrx_word' id='word_1_255' title='bbox 1681 2926 1834 3012; x_wconf 79' lang='lat' dir='ltr'><strong>,post</strong></span> <span class='ocrx_word' id='word_1_256' title='bbox 1913 2928 2129 3013; x_wconf 88' lang='lat' dir='ltr'><strong>ipsum</strong></span> <span class='ocrx_word' id='word_1_257' title='bbox 2173 2926 2461 2991; x_wconf 83' lang='lat' dir='ltr'><strong>Claudio</strong></span> <span class='ocrx_word' id='word_1_258' title='bbox 2484 2947 2765 3012; x_wconf 82' lang='lat' dir='ltr'><strong>-quoque</strong></span> <span class='ocrx_word' id='word_1_259' title='bbox 2823 2926 3039 2991; x_wconf 80' lang='lat' dir='ltr'><strong>fatale</strong></span> <span class='ocrx_word' id='word_1_260' title='bbox 3087 2927 3266 3006; x_wconf 77' lang='lat' dir='ltr'><strong>fuit,</strong></span> <span class='ocrx_word' id='word_1_261' title='bbox 3335 2937 3418 2994; x_wconf 82' lang='lat' dir='ltr'><strong>A·</strong></span> <span class='ocrx_word' id='word_1_262' title='bbox 3505 2979 3530 2998; x_wconf 87' lang='lat'><strong>.</strong></span> 
     </span>
    </p>
   </div>
   <div class='ocr_carea' id='block_1_14' title="bbox 1917 3019 3426 3200">
    <p class='ocr_par' dir='ltr' id='par_1_16' title="bbox 1917 3019 3426 3200">
     <span class='ocr_line' id='line_1_48' title="bbox 1917 3019 3421 3112; baseline 0.003 -29"><span class='ocrx_word' id='word_1_263' title='bbox 1917 3024 2230 3112; x_wconf 82' lang='lat' dir='ltr'><strong>grippina</strong></span> <span class='ocrx_word' id='word_1_264' title='bbox 2250 3067 2273 3099; x_wconf 91' lang='lat'><strong>,</strong></span> <span class='ocrx_word' id='word_1_265' title='bbox 2323 3040 2498 3104; x_wconf 88' lang='lat' dir='ltr'><strong>quae</strong></span> <span class='ocrx_word' id='word_1_266' title='bbox 2531 3019 2696 3085; x_wconf 82' lang='lat' dir='ltr'><strong>istud</strong></span> <span class='ocrx_word' id='word_1_267' title='bbox 2731 3021 3118 3105; x_wconf 79' lang='lat' dir='ltr'><strong>praesensit,</strong></span> <span class='ocrx_word' id='word_1_268' title='bbox 3168 3043 3254 3088; x_wconf 89' lang='lat' dir='ltr'><strong>ne</strong></span> <span class='ocrx_word' id='word_1_269' title='bbox 3286 3025 3421 3088; x_wconf 81' lang='lat' dir='ltr'><strong>suc·</strong></span> 
     </span>
     <span class='ocr_line' id='line_1_49' title="bbox 1918 3115 3426 3200; baseline 0.002 -22"><span class='ocrx_word' id='word_1_270' title='bbox 1918 3116 2234 3179; x_wconf 78' lang='lat' dir='ltr'><strong>cessionis</strong></span> <span class='ocrx_word' id='word_1_271' title='bbox 2263 3115 2380 3200; x_wconf 83' lang='lat' dir='ltr'><strong>spe</strong></span> <span class='ocrx_word' id='word_1_272' title='bbox 2412 3116 2880 3180; x_wconf 81' lang='lat' dir='ltr'><strong>excluderetur</strong></span> <span class='ocrx_word' id='word_1_273' title='bbox 2919 3117 3140 3196; x_wconf 83' lang='lat' dir='ltr'><strong>Nero,</strong></span> <span class='ocrx_word' id='word_1_274' title='bbox 3192 3119 3426 3184; x_wconf 85' lang='lat' dir='ltr'><strong>mariti</strong></span> 
     </span>
    </p>
   </div>
   <div class='ocr_carea' id='block_1_15' title="bbox 1921 3210 3420 3300">
    <p class='ocr_par' dir='ltr' id='par_1_17' title="bbox 1921 3210 3420 3300">
     <span class='ocr_line' id='line_1_50' title="bbox 1921 3210 3420 3300; baseline -0.005 -27"><span class='ocrx_word' id='word_1_275' title='bbox 1921 3223 2205 3274; x_wconf 85' lang='lat' dir='ltr'><strong>mortem</strong></span> <span class='ocrx_word' id='word_1_276' title='bbox 2253 3210 2690 3275; x_wconf 76' lang='lat' dir='ltr'><strong>accelerante.</strong></span> <span class='ocrx_word' id='word_1_277' title='bbox 2805 3211 3054 3273; x_wconf 78' lang='lat' dir='ltr'><strong>Alteria</strong></span> <span class='ocrx_word' id='word_1_278' title='bbox 3112 3215 3420 3300; x_wconf 74' lang='lat' dir='ltr'><strong>Agrippi.</strong></span> 
     </span>
    </p>
   </div>
   <div class='ocr_carea' id='block_1_16' title="bbox 433 3273 3419 3395">
    <p class='ocr_par' dir='ltr' id='par_1_18' title="bbox 433 3273 3419 3395">
     <span class='ocr_line' id='line_1_51' title="bbox 433 3273 3419 3395; baseline -0.002 -18"><span class='ocrx_word' id='word_1_279' title='bbox 433 3313 651 3377; x_wconf 79' lang='lat' dir='ltr'><strong>Natus</strong></span> <span class='ocrx_word' id='word_1_280' title='bbox 690 3310 1082 3395; x_wconf 73' lang='lat' dir='ltr'><strong>parentibus</strong></span> <span class='ocrx_word' id='word_1_281' title='bbox 1138 3307 1429 3372; x_wconf 86' lang='lat' dir='ltr'><strong>Claudio</strong></span> <span class='ocrx_word' id='word_1_282' title='bbox 1480 3320 1549 3371; x_wconf 89' lang='lat' dir='ltr'><strong>et</strong></span> <span class='ocrx_word' id='word_1_283' title='bbox 1600 3273 1838 3372; x_wconf 46' lang='lat' dir='ltr'><strong>filesta·</strong></span> <span class='ocrx_word' id='word_1_284' title='bbox 1913 3323 2050 3392; x_wconf 69' lang='lat' dir='ltr'><strong>nae</strong></span> <span class='ocrx_word' id='word_1_285' title='bbox 2083 3305 2342 3369; x_wconf 77' lang='lat' dir='ltr'><strong>artibus</strong></span> <span class='ocrx_word' id='word_1_286' title='bbox 2380 3305 2665 3388; x_wconf 83' lang='lat' dir='ltr'><strong>imperio</strong></span> <span class='ocrx_word' id='word_1_287' title='bbox 2719 3305 2975 3388; x_wconf 75' lang='lat' dir='ltr'><strong>potitus</strong></span> <span class='ocrx_word' id='word_1_288' title='bbox 3024 3308 3207 3373; x_wconf 86' lang='lat' dir='ltr'><strong>Nero</strong></span> <span class='ocrx_word' id='word_1_289' title='bbox 3282 3309 3419 3372; x_wconf 81' lang='lat' dir='ltr'><strong>fra-</strong></span> 
     </span>
    </p>
   </div>
   <div class='ocr_carea' id='block_1_17' title="bbox 333 3402 1841 3489">
    <p class='ocr_par' dir='ltr' id='par_1_19' title="bbox 333 3402 1841 3502">
     <span class='ocr_line' id='line_1_52' title="bbox 333 3402 1841 3489; baseline -0.005 -17"><span class='ocrx_word' id='word_1_290' title='bbox 333 3409 476 3472; x_wconf 84' lang='lat' dir='ltr'><strong>lina</strong></span> <span class='ocrx_word' id='word_1_291' title='bbox 507 3410 591 3472; x_wconf 81' lang='lat' dir='ltr'><strong>V.</strong></span> <span class='ocrx_word' id='word_1_292' title='bbox 628 3404 708 3470; x_wconf 90' lang='lat' dir='ltr'><strong>C.</strong></span> <span class='ocrx_word' id='word_1_293' title='bbox 750 3425 888 3489; x_wconf 83' lang='lat'><strong>795</strong></span> <span class='ocrx_word' id='word_1_294' title='bbox 938 3403 1234 3468; x_wconf 84' lang='lat' dir='ltr'><strong>Claudio</strong></span> <span class='ocrx_word' id='word_1_295' title='bbox 1278 3403 1367 3469; x_wconf 91' lang='lat'><strong>11.</strong></span> <span class='ocrx_word' id='word_1_296' title='bbox 1406 3402 1713 3486; x_wconf 83' lang='lat' dir='ltr'><strong>consule,</strong></span> <span class='ocrx_word' id='word_1_297' title='bbox 1764 3412 1841 3465; x_wconf 82' lang='lat' dir='ltr'><strong>ut</strong></span> 
     </span>
    </p>
   </div>
   <div class='ocr_carea' id='block_1_18' title="bbox 304 3758 1679 3834">
    <p class='ocr_par' dir='ltr' id='par_1_20' title="bbox 304 3758 1679 3834">
     <span class='ocr_line' id='line_1_53' title="bbox 304 3758 1679 3834; baseline 0.005 -22"><span class='ocrx_word' id='word_1_298' title='bbox 304 3783 313 3790; x_wconf 43' lang='grc' dir='ltr'><em>ν</em></span> <span class='ocrx_word' id='word_1_299' title='bbox 410 3763 473 3830; x_wconf 73' lang='lat' dir='ltr'><strong>a)</strong></span> <span class='ocrx_word' id='word_1_300' title='bbox 510 3760 576 3812; x_wconf 82' lang='lat' dir='ltr'><strong>L.</strong></span> <span class='ocrx_word' id='word_1_301' title='bbox 611 3758 734 3816; x_wconf 84' lang='lat' dir='ltr'><strong>Lx.</strong></span> <span class='ocrx_word' id='word_1_302' title='bbox 771 3761 804 3829; x_wconf 71' lang='grc' dir='ltr'><strong><em>ς</em></strong></span> <span class='ocrx_word' id='word_1_303' title='bbox 840 3777 926 3813; x_wconf 72' lang='grc' dir='ltr'><strong>η.</strong></span> <span class='ocrx_word' id='word_1_304' title='bbox 1101 3760 1168 3826; x_wconf 69' lang='lat' dir='ltr'><strong>h)</strong></span> <span class='ocrx_word' id='word_1_305' title='bbox 1202 3759 1320 3812; x_wconf 88' lang='lat' dir='ltr'><strong>Dio</strong></span> <span class='ocrx_word' id='word_1_306' title='bbox 1354 3759 1395 3821; x_wconf 72' lang='lat' dir='ltr'><strong>l.</strong></span> <span class='ocrx_word' id='word_1_307' title='bbox 1432 3765 1552 3834; x_wconf 33' lang='lat' dir='ltr'><strong>o.‚§</strong></span> <span class='ocrx_word' id='word_1_308' title='bbox 1590 3778 1679 3820; x_wconf 74' lang='lat'><strong>22.</strong></span> 
     </span>
    </p>
   </div>
   <div class='ocr_carea' id='block_1_19' title="bbox 1918 3398 3421 3484">
    <p class='ocr_par' dir='ltr' id='par_1_21' title="bbox 1918 3398 3421 3484">
     <span class='ocr_line' id='line_1_54' title="bbox 1918 3398 3421 3484; baseline 0.004 -21"><span class='ocrx_word' id='word_1_309' title='bbox 1918 3413 2129 3477; x_wconf 84' lang='lat' dir='ltr'><strong>trem,</strong></span> <span class='ocrx_word' id='word_1_310' title='bbox 2185 3419 2382 3482; x_wconf 87' lang='lat' dir='ltr'><strong>quem</strong></span> <span class='ocrx_word' id='word_1_311' title='bbox 2417 3418 2621 3464; x_wconf 87' lang='lat' dir='ltr'><strong>unum</strong></span> <span class='ocrx_word' id='word_1_312' title='bbox 2659 3398 2848 3462; x_wconf 80' lang='lat' dir='ltr'><strong>verso</strong></span> <span class='ocrx_word' id='word_1_313' title='bbox 2897 3402 3421 3484; x_wconf 78' lang='lat' dir='ltr'><strong>populiamore</strong></span> 
     </span>
    </p>
   </div>
   <div class='ocr_carea' id='block_1_20' title="bbox 2953 3629 3000 3648">
    <p class='ocr_par' dir='ltr' id='par_1_22' title="bbox 2953 3629 3000 3648">
     <span class='ocr_line' id='line_1_55' title="bbox 2953 3629 3000 3648; baseline 0 -2"><span class='ocrx_word' id='word_1_314' title='bbox 2953 3629 3000 3648; x_wconf 49' lang='lat' dir='ltr'>Q</span> 
     </span>
    </p>
   </div>
   <div class='ocr_carea' id='block_1_21' title="bbox 1856 3755 3179 3832">
    <p class='ocr_par' dir='ltr' id='par_1_23' title="bbox 1856 3755 3179 3832">
     <span class='ocr_line' id='line_1_56' title="bbox 1856 3755 3179 3832; baseline 0.004 -22"><span class='ocrx_word' id='word_1_315' title='bbox 1856 3759 1921 3822; x_wconf 73' lang='lat' dir='ltr'><strong>—c)</strong></span> <span class='ocrx_word' id='word_1_316' title='bbox 1959 3757 2108 3811; x_wconf 87' lang='lat' dir='ltr'><strong>Suet.</strong></span> <span class='ocrx_word' id='word_1_317' title='bbox 2146 3760 2205 3810; x_wconf 87' lang='lat' dir='ltr'><strong>in</strong></span> <span class='ocrx_word' id='word_1_318' title='bbox 2239 3755 2436 3810; x_wconf 83' lang='lat' dir='ltr'><strong>Claud.</strong></span> <span class='ocrx_word' id='word_1_319' title='bbox 2474 3775 2522 3817; x_wconf 82' lang='lat' dir='ltr'><strong>c.</strong></span> <span class='ocrx_word' id='word_1_320' title='bbox 2556 3771 2659 3826; x_wconf 55' lang='lat'><strong>434</strong></span> <span class='ocrx_word' id='word_1_321' title='bbox 2712 3757 2822 3811; x_wconf 91' lang='lat' dir='ltr'><strong>Dio</strong></span> <span class='ocrx_word' id='word_1_322' title='bbox 2858 3760 2899 3822; x_wconf 85' lang='lat' dir='ltr'><strong>l,</strong></span> <span class='ocrx_word' id='word_1_323' title='bbox 2935 3777 2987 3820; x_wconf 87' lang='lat' dir='ltr'><strong>c.</strong></span> <span class='ocrx_word' id='word_1_324' title='bbox 3023 3762 3054 3832; x_wconf 73' lang='grc' dir='ltr'><strong>ς</strong></span> <span class='ocrx_word' id='word_1_325' title='bbox 3089 3776 3179 3831; x_wconf 82' lang='grc'><strong>34,</strong></span> 
     </span>
    </p>
   </div>
   <div class='ocr_carea' id='block_1_22' title="bbox 410 3942 3424 4192">
    <p class='ocr_par' dir='ltr' id='par_1_24' title="bbox 410 3942 3424 4192">
     <span class='ocr_line' id='line_1_57' title="bbox 410 3942 3417 4020; baseline 0.001 -22"><span class='ocrx_word' id='word_1_326' title='bbox 410 3949 459 4013; x_wconf 80' lang='grc'><strong>*&gt;</strong></span> <span class='ocrx_word' id='word_1_327' title='bbox 495 3943 703 4001; x_wconf 76' lang='lat' dir='ltr'><strong>Natum</strong></span> <span class='ocrx_word' id='word_1_328' title='bbox 733 3950 790 4000; x_wconf 89' lang='lat' dir='ltr'><strong>in</strong></span> <span class='ocrx_word' id='word_1_329' title='bbox 822 3942 1350 4001; x_wconf 72' lang='lat' dir='ltr'><strong>consulatuclaudii</strong></span> <span class='ocrx_word' id='word_1_330' title='bbox 1381 3950 1455 4002; x_wconf 90' lang='lat'><strong>11.</strong></span> <span class='ocrx_word' id='word_1_331' title='bbox 1475 3984 1496 4012; x_wconf 86' lang='lat'><strong>,</strong></span> <span class='ocrx_word' id='word_1_332' title='bbox 1528 3947 1814 4002; x_wconf 75' lang='lat' dir='ltr'><strong>confirmat</strong></span> <span class='ocrx_word' id='word_1_333' title='bbox 1846 3947 2012 3997; x_wconf 83' lang='lat' dir='ltr'><strong>etiam</strong></span> <span class='ocrx_word' id='word_1_334' title='bbox 2046 3944 2381 4004; x_wconf 69' lang='lat' dir='ltr'><strong>Suetonius,</strong></span> <span class='ocrx_word' id='word_1_335' title='bbox 2418 3949 2496 4013; x_wconf 83' lang='lat' dir='ltr'><strong>(in</strong></span> <span class='ocrx_word' id='word_1_336' title='bbox 2523 3946 2716 4007; x_wconf 81' lang='lat' dir='ltr'><strong>Claud.</strong></span> <span class='ocrx_word' id='word_1_337' title='bbox 2755 3963 2811 4007; x_wconf 80' lang='lat' dir='ltr'><strong>c.</strong></span> <span class='ocrx_word' id='word_1_338' title='bbox 2867 3950 2982 4015; x_wconf 75' lang='lat'>²7·)</span> <span class='ocrx_word' id='word_1_339' title='bbox 3026 3966 3213 4004; x_wconf 78' lang='lat' dir='ltr'><strong>verum</strong></span> <span class='ocrx_word' id='word_1_340' title='bbox 3263 3949 3417 4020; x_wconf 83' lang='lat' dir='ltr'><strong>quod</strong></span> 
     </span>
     <span class='ocr_line' id='line_1_58' title="bbox 461 4033 3424 4108; baseline 0.001 -21"><span class='ocrx_word' id='word_1_341' title='bbox 461 4035 545 4090; x_wconf 78' lang='lat' dir='ltr'><strong>ibi</strong></span> <span class='ocrx_word' id='word_1_342' title='bbox 580 4035 767 4096; x_wconf 83' lang='lat' dir='ltr'><strong>addit,</strong></span> <span class='ocrx_word' id='word_1_343' title='bbox 815 4033 1064 4108; x_wconf 65' lang='lat' dir='ltr'><strong>vigesimo</strong></span> <span class='ocrx_word' id='word_1_344' title='bbox 1097 4033 1322 4103; x_wconf 78' lang='lat' dir='ltr'><strong>imperii</strong></span> <span class='ocrx_word' id='word_1_345' title='bbox 1356 4036 1486 4097; x_wconf 78' lang='lat' dir='ltr'><strong>die,</strong></span> <span class='ocrx_word' id='word_1_346' title='bbox 1521 4037 1657 4092; x_wconf 74' lang='lat' dir='ltr'><strong>istud</strong></span> <span class='ocrx_word' id='word_1_347' title='bbox 1690 4035 1832 4088; x_wconf 67' lang='lat' dir='ltr'><strong>fasti»</strong></span> <span class='ocrx_word' id='word_1_348' title='bbox 1867 4035 2091 4085; x_wconf 78' lang='lat' dir='ltr'><strong>omnino</strong></span> <span class='ocrx_word' id='word_1_349' title='bbox 2122 4044 2423 4104; x_wconf 52' lang='lat' dir='ltr'><strong>repugnem</strong></span> <span class='ocrx_word' id='word_1_350' title='bbox 2459 4052 2590 4086; x_wconf 86' lang='lat' dir='ltr'><strong>nam</strong></span> <span class='ocrx_word' id='word_1_351' title='bbox 2631 4035 2764 4091; x_wconf 81' lang='lat' dir='ltr'><strong>XX.</strong></span> <span class='ocrx_word' id='word_1_352' title='bbox 2811 4038 3028 4107; x_wconf 83' lang='lat' dir='ltr'><strong>imperii</strong></span> <span class='ocrx_word' id='word_1_353' title='bbox 3071 4037 3188 4091; x_wconf 74' lang='lat' dir='ltr'><strong>dies</strong></span> <span class='ocrx_word' id='word_1_354' title='bbox 3231 4037 3424 4091; x_wconf 78' lang='lat' dir='ltr'><strong>incidit</strong></span> 
     </span>
     <span class='ocr_line' id='line_1_59' title="bbox 468 4111 3418 4192; baseline 0 -17"><span class='ocrx_word' id='word_1_355' title='bbox 468 4127 524 4176; x_wconf 89' lang='lat' dir='ltr'><strong>in</strong></span> <span class='ocrx_word' id='word_1_356' title='bbox 553 4123 910 4177; x_wconf 85' lang='lat' dir='ltr'><strong>Februarium</strong></span> <span class='ocrx_word' id='word_1_357' title='bbox 946 4121 1016 4175; x_wconf 83' lang='lat' dir='ltr'><strong>V.</strong></span> <span class='ocrx_word' id='word_1_358' title='bbox 1051 4121 1112 4173; x_wconf 93' lang='lat' dir='ltr'><strong>C.</strong></span> <span class='ocrx_word' id='word_1_359' title='bbox 1148 4135 1282 4189; x_wconf 72' lang='lat'><strong>794,</strong></span> <span class='ocrx_word' id='word_1_360' title='bbox 1330 4131 1383 4174; x_wconf 88' lang='lat' dir='ltr'><strong>et</strong></span> <span class='ocrx_word' id='word_1_361' title='bbox 1413 4122 1549 4175; x_wconf 85' lang='lat' dir='ltr'><strong>alter</strong></span> <span class='ocrx_word' id='word_1_362' title='bbox 1577 4125 1689 4189; x_wconf 74' lang='lat' dir='ltr'><strong>ejus</strong></span> <span class='ocrx_word' id='word_1_363' title='bbox 1730 4121 2034 4175; x_wconf 64' lang='lat' dir='ltr'><strong>consulatus</strong></span> <span class='ocrx_word' id='word_1_364' title='bbox 2067 4124 2229 4172; x_wconf 73' lang='lat' dir='ltr'><strong>initus</strong></span> <span class='ocrx_word' id='word_1_365' title='bbox 2256 4120 2328 4172; x_wconf 79' lang='lat' dir='ltr'><strong>est</strong></span> <span class='ocrx_word' id='word_1_366' title='bbox 2361 4121 2491 4180; x_wconf 76' lang='lat' dir='ltr'><strong>Kal,</strong></span> <span class='ocrx_word' id='word_1_367' title='bbox 2530 4122 2660 4181; x_wconf 78' lang='lat' dir='ltr'><strong>Ian,</strong></span> <span class='ocrx_word' id='word_1_368' title='bbox 2700 4140 2817 4190; x_wconf 79' lang='lat'><strong><em>795.</em></strong></span> <span class='ocrx_word' id='word_1_369' title='bbox 2887 4111 3058 4188; x_wconf 78' lang='lat' dir='ltr'><strong>Quod</strong></span> <span class='ocrx_word' id='word_1_370' title='bbox 3091 4124 3128 4176; x_wconf 80' lang='lat' dir='ltr'><strong>si</strong></span> <span class='ocrx_word' id='word_1_371' title='bbox 3170 4126 3282 4192; x_wconf 68' lang='lat' dir='ltr'><strong>ejus</strong></span> <span class='ocrx_word' id='word_1_372' title='bbox 3302 4124 3418 4176; x_wconf 81' lang='lat' dir='ltr'><strong>sen-</strong></span> 
     </span>
    </p>
   </div>
   <div class='ocr_carea' id='block_1_23' title="bbox 378 4207 3418 4547">
    <p class='ocr_par' dir='ltr' id='par_1_25' title="bbox 378 4207 3418 4547">
     <span class='ocr_line' id='line_1_60' title="bbox 468 4207 3414 4282; baseline 0 -20"><span class='ocrx_word' id='word_1_373' title='bbox 468 4215 675 4264; x_wconf 82' lang='lat' dir='ltr'><strong>tentiae</strong></span> <span class='ocrx_word' id='word_1_374' title='bbox 705 4230 832 4282; x_wconf 83' lang='lat' dir='ltr'><strong>pars</strong></span> <span class='ocrx_word' id='word_1_375' title='bbox 863 4211 1039 4262; x_wconf 80' lang='lat' dir='ltr'><strong>altera</strong></span> <span class='ocrx_word' id='word_1_376' title='bbox 1068 4226 1199 4262; x_wconf 84' lang='lat' dir='ltr'><strong>vera</strong></span> <span class='ocrx_word' id='word_1_377' title='bbox 1229 4209 1332 4271; x_wconf 78' lang='lat' dir='ltr'><strong>est,</strong></span> <span class='ocrx_word' id='word_1_378' title='bbox 1371 4220 1639 4279; x_wconf 84' lang='lat' dir='ltr'><strong>natusque</strong></span> <span class='ocrx_word' id='word_1_379' title='bbox 1691 4209 2030 4261; x_wconf 74' lang='lat' dir='ltr'><strong>Britannicus</strong></span> <span class='ocrx_word' id='word_1_380' title='bbox 2075 4210 2206 4262; x_wconf 83' lang='lat' dir='ltr'><strong>XX.</strong></span> <span class='ocrx_word' id='word_1_381' title='bbox 2251 4212 2463 4280; x_wconf 78' lang='lat' dir='ltr'><strong>imperii</strong></span> <span class='ocrx_word' id='word_1_382' title='bbox 2508 4207 2598 4260; x_wconf 85' lang='lat' dir='ltr'><strong>die</strong></span> <span class='ocrx_word' id='word_1_383' title='bbox 2615 4246 2640 4272; x_wconf 77' lang='lat'><strong>,</strong></span> <span class='ocrx_word' id='word_1_384' title='bbox 2690 4208 2897 4261; x_wconf 83' lang='lat' dir='ltr'><strong>necess&#39;e</strong></span> <span class='ocrx_word' id='word_1_385' title='bbox 2932 4208 3004 4261; x_wconf 74' lang='lat' dir='ltr'><strong>est</strong></span> <span class='ocrx_word' id='word_1_386' title='bbox 3035 4228 3156 4263; x_wconf 84' lang='lat' dir='ltr'><strong>eum</strong></span> <span class='ocrx_word' id='word_1_387' title='bbox 3220 4220 3414 4264; x_wconf 77' lang='lat' dir='ltr'><strong>natum</strong></span> 
     </span>
     <span class='ocr_line' id='line_1_61' title="bbox 378 4295 3418 4370; baseline 0 -20"><span class='ocrx_word' id='word_1_388' title='bbox 378 4311 389 4316; x_wconf 75' lang='grc'><em>“</em></span> <span class='ocrx_word' id='word_1_389' title='bbox 471 4299 545 4351; x_wconf 88' lang='lat' dir='ltr'><strong>V.</strong></span> <span class='ocrx_word' id='word_1_390' title='bbox 578 4300 640 4352; x_wconf 88' lang='lat' dir='ltr'><strong>C.</strong></span> <span class='ocrx_word' id='word_1_391' title='bbox 670 4314 774 4367; x_wconf 87' lang='lat'><strong>794</strong></span> <span class='ocrx_word' id='word_1_392' title='bbox 802 4295 981 4370; x_wconf 86' lang='lat' dir='ltr'><strong>pridie</strong></span> <span class='ocrx_word' id='word_1_393' title='bbox 1012 4297 1091 4352; x_wconf 81' lang='lat' dir='ltr'><strong>id.</strong></span> <span class='ocrx_word' id='word_1_394' title='bbox 1116 4296 1286 4357; x_wconf 72' lang='lat' dir='ltr'><strong>Febr,</strong></span> <span class='ocrx_word' id='word_1_395' title='bbox 1309 4335 1326 4359; x_wconf 85' lang='lat'><strong>,</strong></span> <span class='ocrx_word' id='word_1_396' title='bbox 1364 4315 1427 4350; x_wconf 87' lang='lat' dir='ltr'><strong>ac</strong></span> <span class='ocrx_word' id='word_1_397' title='bbox 1465 4308 1577 4349; x_wconf 83' lang='lat' dir='ltr'><strong>tum</strong></span> <span class='ocrx_word' id='word_1_398' title='bbox 1615 4300 1782 4369; x_wconf 74' lang='lat' dir='ltr'><strong>magis</strong></span> <span class='ocrx_word' id='word_1_399' title='bbox 1810 4297 2070 4351; x_wconf 86' lang='lat' dir='ltr'><strong>Suetonio</strong></span> <span class='ocrx_word' id='word_1_400' title='bbox 2107 4313 2230 4350; x_wconf 85' lang='lat' dir='ltr'><strong>cum</strong></span> <span class='ocrx_word' id='word_1_401' title='bbox 2263 4299 2457 4351; x_wconf 81' lang='lat' dir='ltr'><strong>Tacito</strong></span> <span class='ocrx_word' id='word_1_402' title='bbox 2488 4301 2812 4359; x_wconf 75' lang='lat' dir='ltr'><strong>conveniet,</strong></span> <span class='ocrx_word' id='word_1_403' title='bbox 2852 4301 2944 4367; x_wconf 85' lang='lat' dir='ltr'><strong>qui</strong></span> <span class='ocrx_word' id='word_1_404' title='bbox 2975 4299 3246 4369; x_wconf 85' lang='lat' dir='ltr'><strong>principio</strong></span> <span class='ocrx_word' id='word_1_405' title='bbox 3281 4302 3418 4351; x_wconf 81' lang='lat' dir='ltr'><strong>anni</strong></span> 
     </span>
     <span class='ocr_line' id='line_1_62' title="bbox 467 4379 3418 4458; baseline 0.002 -24"><span class='ocrx_word' id='word_1_406' title='bbox 467 4394 574 4445; x_wconf 73' lang='lat'><strong>308</strong></span> <span class='ocrx_word' id='word_1_407' title='bbox 603 4379 808 4447; x_wconf 68' lang='lat' dir='ltr'><strong>scribit,</strong></span> <span class='ocrx_word' id='word_1_408' title='bbox 836 4390 1221 4458; x_wconf 25' lang='lat' dir='ltr'><strong>‘propinquum</strong></span> <span class='ocrx_word' id='word_1_409' title='bbox 1254 4385 1403 4439; x_wconf 77' lang='lat' dir='ltr'><strong>fuiss&#39;e</strong></span> <span class='ocrx_word' id='word_1_410' title='bbox 1431 4383 1614 4448; x_wconf 85' lang='lat' dir='ltr'><strong>diem,</strong></span> <span class='ocrx_word' id='word_1_411' title='bbox 1650 4404 1759 4456; x_wconf 90' lang='lat' dir='ltr'><strong>quo</strong></span> <span class='ocrx_word' id='word_1_412' title='bbox 1808 4383 2154 4444; x_wconf 74' lang='lat' dir='ltr'><strong>Britannicus</strong></span> <span class='ocrx_word' id='word_1_413' title='bbox 2205 4405 2413 4440; x_wconf 79' lang='lat' dir='ltr'><strong>annum</strong></span> <span class='ocrx_word' id='word_1_414' title='bbox 2465 4389 2655 4439; x_wconf 74' lang='lat' dir='ltr'><strong>aetatis</strong></span> <span class='ocrx_word' id='word_1_415' title='bbox 2699 4385 2862 4444; x_wconf 80' lang='lat' dir='ltr'><strong>xlv.</strong></span> <span class='ocrx_word' id='word_1_416' title='bbox 2912 4383 3207 4455; x_wconf 79' lang='lat' dir='ltr'><strong>explebat,</strong></span> <span class='ocrx_word' id='word_1_417' title='bbox 3247 4387 3418 4455; x_wconf 73' lang='lat' dir='ltr'><strong>(Ann-</strong></span> 
     </span>
     <span class='ocr_line' id='line_1_63' title="bbox 469 4470 3417 4547; baseline 0.003 -25"><span class='ocrx_word' id='word_1_418' title='bbox 469 4470 575 4527; x_wconf 84' lang='lat' dir='ltr'><strong>XI.</strong></span> <span class='ocrx_word' id='word_1_419' title='bbox 618 4473 714 4540; x_wconf 82' lang='lat'><strong>¹5·)</strong></span> <span class='ocrx_word' id='word_1_420' title='bbox 752 4473 898 4542; x_wconf 75' lang='lat' dir='ltr'><strong>qnod</strong></span> <span class='ocrx_word' id='word_1_421' title='bbox 930 4489 1119 4526; x_wconf 78' lang='lat' dir='ltr'><strong>verum</strong></span> <span class='ocrx_word' id='word_1_422' title='bbox 1156 4473 1257 4525; x_wconf 79' lang='lat' dir='ltr'><strong>ess&#39;e</strong></span> <span class='ocrx_word' id='word_1_423' title='bbox 1292 4477 1513 4544; x_wconf 73' lang='lat' dir='ltr'><strong>nequit,</strong></span> <span class='ocrx_word' id='word_1_424' title='bbox 1536 4473 1585 4528; x_wconf 74' lang='lat' dir='ltr'><strong>,fi</strong></span> <span class='ocrx_word' id='word_1_425' title='bbox 1620 4486 1779 4529; x_wconf 78' lang='lat' dir='ltr'><strong>natus</strong></span> <span class='ocrx_word' id='word_1_426' title='bbox 1816 4473 1887 4528; x_wconf 69' lang='lat' dir='ltr'><strong>est</strong></span> <span class='ocrx_word' id='word_1_427' title='bbox 1919 4476 1992 4536; x_wconf 81' lang='lat' dir='ltr'><strong>V,</strong></span> <span class='ocrx_word' id='word_1_428' title='bbox 2029 4476 2089 4530; x_wconf 88' lang='lat' dir='ltr'><strong>C.</strong></span> <span class='ocrx_word' id='word_1_429' title='bbox 2129 4493 2245 4547; x_wconf 72' lang='lat'><strong>725.</strong></span> <span class='ocrx_word' id='word_1_430' title='bbox 2316 4474 2550 4530; x_wconf 80' lang='lat' dir='ltr'><strong>Consule</strong></span> <span class='ocrx_word' id='word_1_431' title='bbox 2584 4477 2751 4530; x_wconf 82' lang='lat' dir='ltr'><strong>etiam</strong></span> <span class='ocrx_word' id='word_1_432' title='bbox 2783 4473 2925 4530; x_wconf 84' lang='lat' dir='ltr'><strong>infra</strong></span> <span class='ocrx_word' id='word_1_433' title='bbox 2957 4483 3151 4528; x_wconf 76' lang='lat' dir='ltr'><strong>notam</strong></span> <span class='ocrx_word' id='word_1_434' title='bbox 3185 4473 3260 4529; x_wconf 87' lang='lat' dir='ltr'><strong>ad</strong></span> <span class='ocrx_word' id='word_1_435' title='bbox 3294 4472 3417 4545; x_wconf 80' lang='lat' dir='ltr'><strong>syn-</strong></span> 
     </span>
    </p>
   </div>
   <div class='ocr_carea' id='block_1_24' title="bbox 454 4557 1518 4630">
    <p class='ocr_par' dir='ltr' id='par_1_26' title="bbox 454 4557 1518 4630">
     <span class='ocr_line' id='line_1_64' title="bbox 454 4557 1518 4630; baseline 0.006 -22"><span class='ocrx_word' id='word_1_436' title='bbox 454 4557 624 4630; x_wconf 82' lang='lat' dir='ltr'><strong>.opfin</strong></span> <span class='ocrx_word' id='word_1_437' title='bbox 661 4561 805 4613; x_wconf 70' lang='lat' dir='ltr'><strong>vitae</strong></span> <span class='ocrx_word' id='word_1_438' title='bbox 832 4561 1071 4615; x_wconf 82' lang='lat' dir='ltr'><strong>Neronis</strong></span> <span class='ocrx_word' id='word_1_439' title='bbox 1091 4600 1109 4626; x_wconf 82' lang='lat'><strong>,</strong></span> <span class='ocrx_word' id='word_1_440' title='bbox 1145 4574 1197 4617; x_wconf 86' lang='lat' dir='ltr'><strong>et</strong></span> <span class='ocrx_word' id='word_1_441' title='bbox 1234 4561 1518 4616; x_wconf 80' lang='lat' dir='ltr'><strong>Octaviae.</strong></span> 
     </span>
    </p>
   </div>
  </div>
 </body>
</html>
