4225 5450
1745 486 2818 580 PRAEFATIO.

722 672 996 817 amplo
1032 709 1376 813 imperio
1432 702 1537 782 ad
1576 681 2059 776 memoriam
2108 695 2353 798 digne
2386 691 2552 796 geri
2599 686 3103 764 consuevere.
3192 679 3395 783 Qua
3440 680 3585 758 illa
3613 680 3855 758 laude

717 850 1380 957 praecedentium
1424 865 1892 945 regnorum,
1943 835 2071 909 etfi
2115 831 2731 908 clarissimorum
2761 835 3176 900 monetam
3212 822 3450 922 longe
3503 819 3859 945 superat,

718 1014 933 1091 quae
975 990 1117 1064 vix
1157 984 1318 1058 ullo
1362 982 1467 1058 ad
1507 977 1912 1055 historiam
1946 972 2279 1048 fubfidio
2313 969 2606 1045 eodem
2651 963 2823 1042 fere
2865 975 3168 1039 tantum
3210 971 3678 1065 argumento
3724 979 3863 1033 oc-

727 1140 1085 1228 cupatur,
1136 1123 1233 1197 lic
1269 1135 1351 1195 ut
1387 1118 1808 1218 conspecto
1858 1137 2013 1189 uno
2050 1111 2407 1209 ejusdem
2444 1109 2655 1211 regis
2690 1127 2934 1179 numo
2951 1116 3030 1178 te
3071 1103 3233 1199 ejus
3270 1122 3548 1174 omnes
3583 1094 3860 1176 vidiss'e

650 1362 659 1369 .
723 1266 979 1369 possis
1014 1260 1408 1339 arbitrari.
1515 1252 1812 1331 Confer
1836 1275 2121 1328 numos
2141 1244 2658 1349 Philippill„
2706 1241 3163 1318 Alexandri
3193 1236 3354 1325 M„
3404 1236 3866 1313 Ptolemae-

728 1418 1001 1488 orum,
1050 1391 1562 1498 Lyfimachi,
1615 1391 2142 1497 aliorumque.
2245 1376 2640 1465 ‘Aetatem
2707 1404 2904 1460 vero
2957 1401 3429 1467 numorum,
3497 1374 3630 1452 etfi
3703 1396 3870 1449 non

723 1542 1041 1639 semper
1069 1533 1325 1636 ipsum
1364 1552 1660 1606 annum
1705 1541 2067 1603 tenemus
2093 1580 2115 1611 ,
2166 1523 2266 1599 fic
2300 1518 3004 1639 tamen.habemus
3046 1519 3499 1608 definitam,
3552 1526 3638 1589 ut
3674 1514 3874 1589 certi

734 1676 881 1754 effe
923 1672 1356 1777 possimus»,
1411 1693 1691 1746 eorum
1735 1666 2050 1743 natales
2107 1661 2599 1738 coercendos
2641 1661 2853 1734 intra
2877 1669 3198 1761 tempus
3224 1697 3268 1751 ,ο
3299 1679 3453 1757 quo
3493 1656 3561 1729 is
3616 1655 3875 1754 impe·

727 1818 850 1892 rio
886 1811 1254 1915 praefuit,
1308 1812 1524 1908 cujus
1564 1809 1646 1882 in
1683 1808 1782 1881 iis
1812 1807 2083 1907 imago
2125 1797 2569 1876 exhibetur.
2666 1795 2840 1873 Sed
2879 1809 2958 1871 et
2989 1793 3185 1871 istud
3217 1798 3516 1889 anim0,
3568 1796 3700 1898 qui
3737 1816 3876 1872 ve·

727 1954 921 2033 teris
974 1952 1159 2027 aevi
1195 1947 1769 2024 recordatione
1811 1942 2155 2018 suaviter
2191 1936 2603 2029 adficitur,
2653 1918 2816 2010 non
2863 1933 3281 2038 vulgarem
3324 1933 3570 2012 debet
3616 1931 3879 2012 adfer-

729 2120 821 2173 re
864 2092 1411 2191 voluptatem,
1464 2086 1681 2185 quod
1714 2083 1923 2163 haec
1963 2079 2425 2191 principum
2472 2072 3038 2151 Romanorum
3070 2071 3307 2148 series
3356 2073 3548 2154 in'de
3593 2102 3645 2156 a
3673 2073 3876 2154 Iulio

734 2229 1086 2308 Caesare
1130 2248 1378 2326 usque
1431 2225 1538 2300 ad
1578 2222 2061 2326 postremum
2100 2211 2728 2317 Constantinum·
2753 2237 2904 2314 per
2938 2212 3258 2289 saecula
3308 2216 3635 2292 omnino
3685 2212 3884 2294 XV.

729 2371 1200 2477 porrigitur,
1254 2377 1335 2440 et
1369 2359 1859 2462 fingulorum
1903 2354 2139 2430 offert
2184 2356 2625 2459 imagines,
2679 2365 2757 2427 et
2785 2351 2959 2455 ipsa
2995 2352 3247 2428 oculis
3295 2351 3571 2448 fidele,
3619 2352 3888 2431 incor-

732 2521 1215 2610 ruptumque
1245 2496 1782 2576 testimonium
1822 2494 2099 2594 objicit
2129 2492 2472 2571 maximi
2516 2490 2713 2566 olim
2748 2515 2899 2593 per
2952 2488 3234 2568 orbem
3282 2495 3607 2596 imperii
3657 2495 3891 2597 paul-

735 2650 968 2727 latim
1007 2641 1226 2720 mole
1251 2638 1391 2715 sua
1433 2636 1878 2715 laborantis
1921 2631 2565 2748 deficientisque,
2617 2655 2716 2740 ac
2740 2633 3134 2738 denique·
3109 2656 3194 2710 m
3219 2646 3669 2713 extremam
3705 2632 3890 2713 bar-

749 2785 1103 2875 bariem,
1155 2781 1511 2881 artisque
1551 2778 1846 2858 veteris
1884 2773 2384 2853 oblivionem
2423 2770 2806 2877 prolapsi.

937 3060 1210 3159 Atque
1246 3057 1453 3134 haec
1484 3070 1658 3133 tam
1702 3052 1962 3149 vasta,
2012 3067 2183 3131 tam
2230 3053 2394 3130 late
2463 3064 2753 3155 patens
2806 3067 3184 3135 monetae
3229 3055 3533 3137 veteris
3625 3056 3897 3138 classis

750 3179 934 3281 cum
978 3223 1145 3277 non
1181 3197 1431 3282 modo
1469 3195 1974 3301 philologiae
2009 3191 2273 3270 studiis
2323 3192 2821 3295 amplissima
2856 3196 3169 3274 adserat
3199 3196 3558 3293 subsidia,
3607 3196 3743 3275 sed
3758 3197 3903 3276 eti·

750 3367 887 3420 am
917 3339 1406 3438 antiquitatis
1446 3337 1905 3442 cognitione
1943 3334 2293 3411 delectet
2325 3334 2725 3429 animum,
2767 3335 3244 3414 incredibile
3291 3339 3547 3432 dictu,
3601 3350 3905 3441 quanta

755 3479 1194 3582 cupiditate
1227 3477 1416 3554 inde
1473 3503 1524 3553 a
1561 3475 1862 3558 renatis
1904 3473 2158 3571 literis
2215 3497 2377 3550 non
2424 3476 2831 3577 principes
2863 3476 3159 3565 modo,
3210 3476 3346 3555 sed
3378 3478 3675 3581 privati
3709 3500 3908 3580 quo·

760 3642 913 3721 que
956 3617 1537 3739 comparandis
1567 3614 1697 3690 his
1731 3581 2172 3691 Romanae
2218 3611 2618 3692 vetustatis
2661 3616 3023 3720 reliquiis
3069 3640 3449 3719 operam,
3514 3617 3910 3719 sumptus-

760 3780 916 3862 que
954 3729 1544 3865 impenderint,
1600 3767 1680 3829 et
1719 3752 1934 3853 quod
1980 3755 2242 3858 magis
2285 3756 2621 3854 mirum,
2672 3757 2815 3833 vix
2853 3757 3274 3836 imminuto
3304 3783 3358 3836 a
3396 3770 3515 3834 tot
3543 3760 3715 3858 jam
3741 3754 3910 3833 sae-

762 3896 962 3971 culis
1009 3895 1093 3969 i'n
1133 3892 1616 3969 hodiernum
1655 3916 1905 3993 usque
1959 3892 2180 3968 diem
2221 3893 2639 3972 adversum
2688 3919 2829 3971 eas
2870 3895 3215 3977 adfectu.
3312 3895 3629 3973 Horum
3656 3889 3909 3971 hone·

762 4028 1105 4107 stissimis
1137 4028 1440 4126 studiis,
1493 4043 1733 4139 atque
1763 4030 2146 4109 indefeffo
2186 4034 2506 4109 conatui
2545 4007 2933 4108 debemus
2968 4022 3443 4132 locupletes,
3465 4042 3550 4107 et
3573 4001 3907 4107 illustres

686 4195 697 4213 ·
762 4166 1003 4245 series
1048 4168 1153 4246 ab
1210 4194 1308 4245 eo
1351 4183 1719 4271 tempore
1771 4173 2177 4275 cognitas,
2229 4184 2307 4246 et
2336 4173 2415 4247 in
2465 4171 2876 4248 literarum
2903 4171 3400 4248 incrementa
3461 4192 3642 4248 cum
3708 4169 3909 4249 orbe

672 4361 677 4365 -
767 4308 1081 4382 erudito
1117 4310 1795 4396 communicatas,
1851 4330 1957 4384 ex
1984 4306 2267 4410 quibus
2295 4330 2450 4420 ,eas
2475 4362 2497 4396 ,
2553 4331 2761 4408 quae
2797 4304 3235 4384 illustrioris
3268 4305 3438 4384 sunt
3475 4331 3624 4415 per
3652 4306 3914 4385 Euro-

764 4467 964 4547 pam
997 4443 1306 4540 famae,
1359 4446 1560 4523 alibi
1601 4439 2090 4527 enumeravi.
2144 4451 2209 4539 ⁸)
2264 4445 2718 4523 Praeclaris
2759 4445 2885 4523 his
2955 4446 3293 4523 cimeliis
3349 4446 3915 4548 conquirendis

848 4667 910 4736 a)
947 4664 1081 4723 vol.
1113 4665 1164 4746 19
1198 4665 1415 4741 Ptoleg.
1440 4684 1574 4741 gen.
1610 4687 1734 4746 cap.
1769 4669 2000 4736 xxm.
