4225 5450
1372 508 2446 594 PRAEFATIO.

295 712 927 820 ‚inserendisque
959 732 1140 792 cum
1174 710 1351 794 suas
1398 717 1554 795 viri
1589 713 1808 792 beati
1839 725 2115 816 partes
2162 709 2482 789 abunde
2513 707 3070 812 impleviffent‚
3091 715 3488 821 nolebant

337 864 488 940 suis
522 856 776 938 deefl'e
818 856 975 936 viri
1014 855 1352 948 eruditi,
1402 852 1559 933 five
1596 877 1780 933 cum
1822 854 2101 930 eorum
2139 850 2374 929 nobis
2410 864 2851 953 perpetuos
2904 856 3324 961 catalogos
3358 856 3488 935 ins

330 1000 746 1091 struerent,
796 995 956 1074 five
994 996 1500 1109 explicarent
1536 1005 2046 1098 argumenta,
2098 990 2254 1070 five
2292 988 2596 1090 probos
2629 990 3027 1095 falsosque
3063 990 3504 1101 distingue-L

328 1162 419 1217 re
476 1137 915 1229 docerent,
944 1147 1180 1239 ‘quae
1228 1134 1553 1237 quidem
1589 1153 1778 1209 cura
1821 1131 1905 1204 in
1943 1126 2174 1226 hujus
2208 1127 2434 1207 studii
2480 1133 2871 1209 curriculo
2931 1156 2978 1210 e
3008 1124 3481 1236 praecipui&

325 1301 492 1356 una
529 1274 699 1353 fuit.
796 1274 1164 1367 Etenim,
1215 1271 1432 1375 quod
1470 1272 1643 1349 fieri
1686 1251 2142 1359 consuevit,
2194 1281 2317 1361 ut,
2386 1266 2525 1345 ubi
2585 1270 2870 1348 avidus
2930 1269 3037 1348 est
3088 1276 3410 1376 empto‘r
3445 1333 3473 1372 ‚

315 1413 436 1493 ibi
481 1415 707 1492 mala
742 1413 942 1490 fides
986 1434 1345 1491 mercem
1379 1420 1888 1511 corrumpat,
1937 1404 2244 1482 factum
2275 1430 2573 1511 magno
2611 1411 2803 1485 artie
2830 1408 3137 1488 nostrae
3162 1416 3469 1493 incom-

319 1553 616 1647 modo,
667 1555 942 1652 utiam
974 1575 1031 1627 a
1059 1548 1344 1652 p'rimis
1381 1550 1546 1648 ejus
1584 1543 2092 1623 incunabulis
2133 1547 2389 1648 turpis
2437 1543 2796 1646 quaestus
2848 1546 2957 1623 ad
3016 1550 3469 1628 vitiandam

316 1716 522 1798 prae
560 1692 741 1769 aliis
775 1688 1146 1769 omnibus
1185 1686 1720 1792 Augustorum
1753 1697 2172 1762 monetam
2223 1682 2723 1765 omne·suum
2759 1680 3094 1762 studium
3150 1686 3462 1765 confer-

318 1844 470 1927 ret,
519 1854 726 1933 quae
756 1829 991 1909 labes
1025 1825 1361 1906 success'u
1392 1826 1785 1929 temporis
1816 1825 2035 1902 adeo
2070 1822 2435 1915 invaluit,
2459 1837 2546 1898 ut
2577 1835 2957 1900 monetae
2999 1822 3228 1924 hujus
3271 1825 3470 1901 clas-

318 1971 417 2049 fis
446 1969 701 2049 falsae
732 1992 896 2048 non
942 1970 1199 2046 multo
1254 1970 1525 2044 minor
1562 1964 1650 2041 fit
1682 1987 2100 2058 numerus,
2153 1987 2397 2066 quam
2445 1964 2964 2064 primaevae,
3063 1978 3160 2042 et·
3190 1966 3465 2068 genui·

317 2136 520 2204 nae,
568 2123 1034 2207 tantumque
1069 2106 1239 2184 fere
1278 2103 1503 2182 studii
1551 2100 2186 2202 impendendum
2228 2102 2349 2178 illi
2393 2102 2609 2203 parti
2632 2157 2656 2194 ‚
2729 2124 2934 2201 quae
3013 2102 3463 2181 discernere

319 2245 1059 2345 utramquedocet,
1110 2248 1494 2342 quantum
1531 2239 1673 2340 ipfl
1720 2239 2134 2331 scientiae,
2190 2234 2270 2313 e‘t
2321 2240 2740 2313 doctrinae
2771 2261 2876 2312 ex
2905 2239 3069 2335 ejus
3111 2236 3244 2314 usu
3280 2263 3463 2340 per·
3505 2290 3514 2294 -

316 2378 766 2480 cipiendae.
868 2377 1141 2478 Quam
1176 2373 2025 2481 quidem‘postremam
2071 2388 2386 2474 partem
2433 2370 2592 2448 hoc
2631 2370 2818 2445 loco
2862 2372 3240 2450 indicasse
3272 2375 3464 2455 satis

311 2517 584 2602 fuerin
633 2538 829 2594 nam
861 2518 1134 2595 varios
1167 2529 1547 2595 monetae
1588 2513 2174 2593 adulterandae
2209 2509 2501 2586 modos
2548 2506 2751 2584 alibi
2800 2508 3122 2608 copiose
3195 2508 3458 2589 fumus

306 2652 724 2755 persecuti.
774 2663 835 2737 ⁸)
887 2653 1053 2721 Sed
1097 2653 1616 2721 neceffarium
1656 2620 1990 2724 *omnino
2024 2647 2173 2743 est,
2214 2651 2305 2726 in
2336 2648 2719 2747 judicium
2753 2657 3073 2731 vocare}
3092 2652 3458 2755 cognitos

290 2789 697 2876 ,hactenus
729 2796 1108 2864 monetae
1141 2776 1596 2886 Augusteae
1634 2786 2100 2889 catalogos,
2150 2789 2349 2864 etin
2389 2786 2603 2862 hanc
2673 2783 3171 2868 eruditorum
3238 2809 3462 2865 com-

307 2924 792 3015 mentarios,
843 2933 966 3013 ut,
1017 2931 1398 3020 quantum
1439 2919 1547 2998 ab
1579 2924 1685 3000 iis
1714 2925 1916 3017 veri,
1965 2923 2395 3024 fincerique
2428 2924 2733 3001 sublidii
2766 2923 3016 3025 possit
3043 2923 3458 3026 exspectae
3517 3017 3534 3036 Ι

304 3086 397 3142 re
436 3060 893 3166 philologia
911 3114 935 3151 ‚
982 3037 1445 3161 planissime
1479 3061 1926 3165 intelligam
1937 3085 2050 3139 us,

1242 3179 1251 3186 ⁰
3413 3175 3458 3218 O

496 3338 814 3418 Primus
846 3332 996 3413 fuit
1034 3307 1673 3418 HVBERTVS.
1692 3336 2263 3420 GOLTzws
2283 3394 2308 3433 ‚
2361 3339 2496 3438 qui
2515 3327 2866 3440 primum
2903 3338 2985 3414 in
3020 3336 3173 3416 ruis
3189 3337 3452 3450 πρηὺ
3571 3347 3582 3352 ·

302 3467 899 3584 magistratuum
942 3489 1021 3554 ec
1065 3474 1608 3582 triumphorum
1669 3477 1767 3557 R.
1815 3478 2201 3584 infignem
2265 3501 2691 3555 numerum
2768 3501 3198 3556 numorum
3254 3479 3443 3559 Iulii

302 3611 713 3702 Caesaris,
762 3614 1127 3720 Augusti,
1174 3619 1692 3719 virorumque
1732 3618 2237 3720 principum,
2289 3619 2424 3719 qui
2463 3614 2590 3696 his
2631 3618 2919 3696 coaevi
2954 3616 3219 3707 fuere,
3271 3622 3444 3697 vul·

301 3754 523 3856 gavit
542 3808 565 3845 ,
614 3729 909 3832 deinde
941 3756 1026 3834 in
1071 3752 1446 3859 Thesauro
1478 3759 1592 3834 rei
1612 3758 2118 3863 antiquariae
2137 3752 2553 3833 haber-rimo
2571 3758 3180 3856 imperatorum,
3230 3753 3438 3834 Cae·

290 3889 714 3994 satumque
733 3945 758 3985 ,
811 3904 893 3966 et
920 3892 1448 3996 Augustarum
1475 3894 1747 3971 titulos
1769 3951 1791 3988 ,
1843 3894 2216 3987 nomina,
2269 3907 2350 3970 et
2371 3893 2727 3997 epitheta
2759 3919 2809 3972 a
2834 3893 3039 3971 Iulio
3077 3890 3428 3973 Caesare

294 4052 545 4129 usque
584 4026 692 4104 ad
725 4024 1197 4108 Heraclium
1227 4000 1332 4107 eit
1364 4034 1655 4122 numia,
1701 4019 1787 4109 ut
1829 4033 2122 4133 ajebat,
2175 4029 2594 4134 descripfit.
2691 4028 2827 4107 Ab
2863 4033 3425 4110 examinandis

290 4164 418 4243 his
463 4167 627 4266 ejus
676 4161 1055 4266 operibus
1104 4164 1407 4268 possum
1445 4190 1655 4256 nunc
1682 4171 1850 4267 jure
1900 4166 2333 4262 abstinere,
2388 4169 2575 4268 quia
2619 4165 2818 4245 istud
2873 4168 3125 4244 multo
3177 4168 3428 4246 adcu-

291 4306 582 4399 ratius,
636 4328 883 4408 quam
917 4303 1304 4383 hactenus
1348 4331 1400 4382 a
1431 4329 1899 4410 quocunque
1934 4309 2111 4392 alio,
2147 4305 2497 4399 factum,
2553 4330 2606 4383 a
2659 4330 2791 4383 me
2845 4304 3041 4383 alibi
3105 4305 3428 4406 praesti-
3487 4377 3496 4383 .

246 4535 253 4539 η
298 4453 471 4524 tum
509 4439 647 4536 est,
692 4436 802 4538 ι’)-
832 4443 1047 4544 cujus
1082 4443 1388 4523 summa
1415 4444 1624 4524 haec
1664 4445 1802 4523 est:
1853 4468 2141 4522 numos
2173 4467 2452 4519 omnes
2486 4440 2590 4519 ab
2643 4466 2803 4520 uno
2840 4443 2998 4520 hoc
3033 4445 3207 4559 viro
3238 4469 3450 4546 pro·¹

291 4577 3430 4622 —————C—-——-—-—-————-————-———-—-—-——

363 4659 428 4731 a)
464 4658 602 4725 vol.
635 4660 686 4714 1.
721 4660 935 4735 Proleg.
968 4679 1094 4737 gen.
1131 4679 1257 4738 cap.
1294 4663 1460 4719 xlx.
1652 4662 1719 4734 b)
1754 4663 1887 4719 Vol.
1925 4666 1975 4718 1.
2010 4664 2228 4739 Ptoleg.
2262 4681 2390 4738 gen.
2426 4682 2490 4740 p.
2528 4664 2730 4722 cxl-1.
