4225 5450
2124 556 2589 637 GALBA.
2677 559 2682 562 ’

815 755 1242 826 MACRIana
1277 754 1856 824 LIBERATRIX.
1957 755 2131 837 Cui,
2214 762 2330 841 qui
2410 757 2607 822 nibus
2632 806 2651 837 ,
2705 755 3029 844 quae-sub
3075 759 3317 827 Macro
3367 758 3634 844 stetere,
3702 767 3912 835 etiam

816 860 1172 937 utramque
1208 855 1393 921 numi
1427 852 1841 939 superficiem
1885 853 2172 935 confert,
2191 875 2327 917 non
2408 853 2573 917 alibi
2610 856 2752 938 agit
2788 856 3094 918 Tacitus.
3146 845 3210 941 Ι’)
3300 861 3507 942 Atqui
3577 864 3912 949 legionem

817 952 1137 1015 continuo
1204 952 1271 1013 in
1315 950 1547 1013 oculos
1594 951 1893 1011 incurrat
1955 951 2190 1035 inepta
2254 952 2324 1012 in
2404 948 2527 1013 111.
2559 947 2920 1033 Augustam
2969 948 3200 1015 stetiss'e
3232 954 3303 1015 in
3327 946 3662 1021 Numidia
3701 978 3906 1041 prae..

818 1046 1063 1107 eodem
1114 1062 1321 1137 nump
1359 1042 1790 1127 tautologia?
2391 1054 2506 1111 ,ter
2527 1043 2654 1108 hos
2697 1063 2939 1108 numos
2975 1064 3112 1109 nou
3149 1048 3358 1132 modo
3400 1050 3600 1113 docet
3643 1053 3803 1129 Dio,
3845 1053 3908 1134 ο)

827 583 966 650 29⁰

680 4339 689 4354 ι
797 4389 801 4394 ’
866 4385 925 4448 a)
966 4381 1092 4434 Hist.
1128 4383 1202 4434 11.
1241 4390 1343 4450 97:

916 1138 1200 1203 Collatis
1235 1139 1550 1204 omnibus
1589 1140 1789 1201 certis
1826 1138 2048 1201 Macri
2096 1139 2318 1202 numis

818 1236 1141 1299 docemur
1165 1235 1221 1298 Ι.
1249 1282 1269 1311 ,
1320 1254 1476 1297 eum
1517 1231 1957 1297 restituendae
1986 1230 2318 1297 libertatis

813 1329 1104 1416 speciem
1145 1330 1380 1415 palam
1417 1321 1835 1415 praetuliss‘e3
1904 1345 2061 1391 uam
2120 1346 2310 1391 com-

742 1414 749 1427 ’
812 1437 1012 1512 paret
1044 1426 1114 1488 in
1149 1444 1358 1488 numo
1392 1425 1447 1487 1.
1493 1419 1636 1508 ipsa
1691 1421 2005 1487 Libertas
2089 1420 2260 1485 stans
2293 1473 2318 1506 ‚

816 1517 1001 1586 abest
1037 1520 1237 1605 ipsius
1272 1521 1496 1582 Macri
1539 1530 1786 1602 caput,
1835 1537 1920 1581 ne
1973 1507 2035 1578 Ie
2071 1518 2316 1603 princi-

811 1634 971 1703 pem
1008 1613 1186 1676 ferre
1226 1614 1590 1685 videatur3
1644 1624 1717 1674 at
1746 1612 2083 1675 inseritur
2151 1623 2322 1674 nota

814 1713 882 1776 S.
916 1705 994 1770 C.
1016 1755 1063 1790 ,‚
1087 1709 1404 1770 nimirum
1438 1720 1762 1791 tanquam
1815 1706 2048 1770 omnia
2081 1708 2174 1768 ad
2224 1706 2318 1770 se-

811 1815 1011 1873 natus
1051 1801 1400 1866 arbitrium
1448 1800 1905 1879 constitueret,
1958 1812 2025 1863 et
2052 1803 2317 1891 univer-

815 1901 931 1964 iim
963 1914 1195 1961 omnes
1233 1897 1306 1961 hi
1345 1899 1534 1960 numi
1578 1897 1668 1959 ad
1710 1914 1865 1959 eum
1904 1897 2185 1958 modum
2243 1893 2317 1957 fi-

813 1995 1001 2084 gnati
1033 1991 1199 2069 sunt,
1251 2012 1386 2075 quo
1414 1991 1700 2078 signatos
1738 1992 2045 2055 videmus
2075 2009 2317 2054 numos

819 2088 1048 2167 stantis
1094 2087 1529 2173 reipublicae.
1628 2085 1813 2171 lpsas
1882 2086 2044 2171 quin
2102 2086 2315 2148 etiam

2402 1137 2514 1201 sed
2553 1150 2621 1202 et
2656 1156 3005 1203 marmora
3041 1142 3111 1204 in
3147 1132 3404 1205 ditioue
3422 1143 3782 1226 Algeriana
3803 1167 3905 1213 re-

2400 1244 2636 1317 perta,
2690 1246 2757 1296 et
2811 1234 3165 1321 inscripta:
3232 1234 3432 1300 LEG.
3503 1239 3627 1303 111.
3693 1240 3904 1305 AVG.

2399 1326 2557 1397 teste
2603 1329 2870 1392 erudito
2906 1330 3113 1405 Shaw
3141 1316 3384 1416 Angla.
3435 1323 3501 1413 ⁴³)

2497 1424 2704 1485 Numi
2753 1423 2908 1487 loco
2992 1423 3327 1510 postremo
3416 1426 3767 1513 descripti,
3832 1432 3905 1495 iu

2400 1516 2641 1599 quibus
2685 1532 2892 1603 caput
2920 1521 3144 1584 Macri
3184 1518 3435 1596 fistitur,
3489 1523 3748 1607 oppido
3777 1527 3907 1609 mi-

2396 1611 2469 1673 hi
2512 1614 2825 1676 videntur
2873 1612 3193 1699 suspecti,
3273 1628 3479 1698 atque
3535 1618 3605 1679 in
3658 1620 3903 1683 eadem

2402 1707 2722 1790 opinione
2754 1705 2945 1770 fuere
2969 1710 3525 1794 Havercampus,
3577 1709 3639 1791 e)
3689 1711 3899 1798 Spau-

2398 1801 2661 1865 hemius
2690 1849 2709 1880 ,
2763 1791 2819 1886 f)
2887 1802 3200 1867 Liebeus.
3251 1801 3316 1886 8)
3414 1806 3639 1868 Nolim
3670 1817 3898 1871 tamen

2397 1896 2505 1960 his
2540 1897 2759 1960 numis
2793 1898 3015 1961 malae
3057 1896 3218 1962 fidei
3260 1911 3494 1963 notam
3537 1900 3709 1973 inuri
3747 1921 3901 1985 pro·

2397 2004 2656 2076 pterea,
2711 1993 2894 2074 quod
2932 1994 3001 2055 in
3034 1992 3118 2055 iis
3152 1994 3390 2056 Macer
3409 1995 3652 2058 dicitur
3681 1996 3895 2059 PRO·-
3987 2042 3992 2049 -

2396 2088 2695 2150 PRaetor
2731 2085 3169 2163 AFRICAE,
3220 2107 3370 2150 cum
3410 2100 3638 2153 tamen
3668 2090 3904 2154 Africa

813 2179 1345 2293 legionesdixi‘
1366 2182 1628 2259 abnue,
1677 2193 2004 2264 tanquam
2066 2200 2245 2263 quae
2279 2200 2324 2243 a
2401 2180 2609 2243 fuerit
2635 2181 2993 2266 provincia
3039 2181 3534 2267 proconsularis
3618 2186 3898 2269 populi,

815 2300 957 2366 rep.
993 2274 1253 2355 libera,
1305 2298 1440 2357 uon
1479 2290 1643 2341 nutu
1694 2277 2018 2361 principis
2065 2276 2322 2359 pende-

813 2388 981 2440 rent.
1082 2375 1235 2438 Hoc
1265 2372 1560 2440 instituto
1593 2385 1790 2435 caute
1832 2371 2142 2455 captavit
2183 2369 2321 2456 ple·

766 2471 784 2479 ’
812 2473 920 2538 bis
965 2473 1048 2534 R.
1087 2471 1379 2557 gratiam
1404 2517 1425 2548 ‚
1476 2487 1650 2551 quae
1712 2465 2055 2530 intellecta
2107 2466 2321 2529 Nero-

811 2570 916 2633 nis
952 2568 1160 2631 caede
1193 2563 1453 2650 pileata
1487 2581 1611 2646 per
1657 2561 1891 2622 urbem
1950 2557 2108 2621 teste
2153 2559 2325 2622 Sue-'

807 2664 1001 2730 tonio
1032 2660 1355 2727 discurrit.
1450 2648 1798 2718 Docemiu·
1832 2653 1917 2718 11.
1941 2699 1965 2732 ‚
2014 2651 2314 2716 habuisse

811 2762 1125 2824 Macrum
1170 2754 1468 2837 legiones
1512 2750 1746 2827 binas,
1819 2748 2061 2830 quibus
2116 2768 2315 2832 prae-

807 2853 974 2927 fuit,
1027 2849 1355 2933 primmn,
1407 2863 1612 2929 quam
1650 2845 1734 2906 de
1769 2843 1833 2905 se
1864 2844 2146 2906 vocavit
2162 2844 2312 2907 Ma·

809 2947 1126 3019 arianam,
1174 2942 1364 3022 quod
1402 2939 1608 3002 etiam
1643 2957 1780 3001 non
1829 2936 2109 3000 obscure
2140 2936 2312 2999 indi·

809 3043 983 3127 gitat
1013 3035 1297 3098 Tacitus
1336 3036 1442 3098 his
1488 3033 1748 3096 verbis:
1805 3029 1872 3114 ⁸)
1950 3034 2025 3097 in
2075 3032 2314 3117 Africa

807 3136 967 3218 legio
986 3177 1008 3209 ‚
1057 3125 1445 3216 cohortesque
1476 3127 1731 3194 delectae
1768 3145 1815 3193 a
1833 3126 2041 3194 Clodio
2057 3130 2313 3212 Macro,

809 3242 879 3296 et
910 3227 1161 3292 tertiam
1196 3225 1447 3290 dictam
1480 3224 1850 3311 Augustam,
1946 3222 2053 3288 De
2089 3223 2311 3313 legio·

2402 2288 2472 2338 et
2502 2297 2561 2341 a
2599 2275 3111 2361 proconsulibus
3146 2289 3508 2361 regeretur,
3559 2298 3690 2342 non
3719 2279 3898 2364 lega—

2401 2371 2494 2432 tis.
2523 2370 3077 2455 propraetoribus
3110 2369 3401 2455 Augusti.
3496 2371 3797 2437 Dubium
3831 2394 3898 2439 e·

2400 2465 2539 2527 nim
2622 2464 2828 2529 facile
2914 2466 3274 2551 expedient
3324 2466 3647 2546 Tacitus,
3697 2458 3762 2548 1’)
3830 2482 3896 2535 et

2392 2559 2573 2635 Dio,
2622 2557 2682 2642 i)
2758 2579 2930 2643 quos
2987 2560 3283 2626 laudasse
3321 2558 3668 2639 sufficiat,
3735 2581 3895 2627 nam

2393 2653 2661 2717 causam
2698 2654 2876 2718 hanc
2894 2658 3033 2735 jam
3071 2655 3486 2720 discussimus
3520 2656 3705 2724 alibi.
3737 2652 3800 2738 ¹³)

2851 2939 3414 3014 PBETIVM.

2403 3181 2410 3184 .
2485 3127 2695 3190 Numi
2728 3128 2807 3191 L.
2851 3127 3078 3193 Clodii
3153 3131 3376 3195 Macri
3459 3145 3682 3200 certae
3737 3133 3895 3200 fidei

2389 3220 2536 3288 sunt
2572 3242 2809 3289 ornnes
2840 3226 3143 3310 argentei
3185 3237 3256 3290 et
3285 3227 3556 3293 RRRR.
3847 3249 3862 3255 ·

1427 3510 1956 3578 SERVIVS
2060 3508 2744 3578 SVLPJCJVS
2857 3471 3262 3578 GAL'sA.
3367 3490 3376 3498 ’

898 3704 1153 3767 Natum
1189 3699 1381 3766 fuiffe
1414 3703 1495 3764 V.
1539 3698 1614 3763 C.
1658 3719 1786 3783 75¹
1827 3701 1942 3763 IX.
1981 3701 2136 3764 Kal⁴
2158 3702 2302 3765 Ian.

805 3799 1044 3864 diserte
1094 3795 1367 3861 testatur
1411 3793 1789 3858 Suetonius,
1838 3790 1898 3873 ¹).
1975 3796 2308 3880 Sulpicio.

800 3903 949 3958 r'um
994 3891 1261 3955 familia
1293 3901 1484 3952 vetus
1520 3901 1587 3952 et
1623 3908 1907 3974 magna,
1959 3893 2144 3972 cujus
2184 3910 2305 3955 au-

800 4003 951 4054 ctor
982 3999 1299 4073 paternus
1321 4031 1340 4062 ,
1378 3983 1437 4046 fi
1470 3983 1587 4069 ipfi
1620 3985 1780 4048 huic
1817 3983 2082 4049 Galbae
2107 3984 2303 4064 fides,

802 4085 1141 4170 luppiter,
1195 4092 1534 4144 maternus
1580 4079 1908 4165 Pasiphae
1942 4081 2197 4144 Minois
2235 4101 2305 4142 u·

800 4201 974 4259 xor,
1011 4175 1090 4260 ω)
1130 4177 1250 4240 cui
1292 4172 1730 4259 adstipulatur
1790 4193 2060 4258 quoque
2089 4173 2302 4237 Silius

2388 3702 2688 3765 Italicus,
2719 3698 2784 3781 ¹¹)
2836 3701 3061 3764 Mater
3111 3698 3207 3762 mi
3249 3697 3380 3766 fuit
3419 3702 3760 3776 Mummia
3800 3712 3885 3770 A.

2387 3796 2631 3858 chaica
2663 3798 3012 3882 proneptis
3061 3795 3137 3856 L.
3185 3795 3498 3858 Mummii
3543 3802 3728 3883 ejus,
3779 3803 3887 3886 qui

2390 3889 2789 3954 Corinthum
2841 3889 3112 3954 excidit.
3160 3892 3217 3966 ⁰)
3313 3890 3542 3960 Rebus
3613 3899 3886 3980 agendis

2369 4004 2524 4070 ,per-
2544 3997 2843 4049 aetatem
2898 3984 3180 4048 idoneus
3223 4003 3439 4071 remp.
3503 3988 3720 4065 adiit,
3783 4004 3882 4053 at.

2387 4100 2520 4164 que
2573 4080 2776 4144 serius
2817 4078 3232 4164 praepositus
3307 4077 3548 4144 Galliis
3575 4129 3595 4158 ‚
3649 4085 3887 4146 deiude

2387 4174 2664 4240 Africae
2695 4174 2970 4240 laudem
2998 4193 3076 4236 a·
3093 4170 3333 4254 justitia
3360 4221 3380 4250 ‚
3431 4187 3576 4237 tum
3645 4180 3886 4244 virtute

1516 4380 1578 4448 b)
1612 4375 1747 4433 fflst.
1787 4380 1832 4430 1.
1877 4399 1960 4432 ιι.
2143 4383 2216 4498 c}
2239 4379 2306 4432 1..
2341 4379 2466 4439 LV.
2505 4383 2536 4449 §
2578 4397 2663 4448 23,
2892 4380 2955 4442 d)
2993 4380 3250 4450 Voyages
3285 4380 3428 4432 Tom
3487 4383 3516 4433 1
3734 4386 3789 4449 e)
3823 4403 3841 4435 ι

798 4449 957 4502 Fam.
988 4450 1216 4502 Metelli
1246 4467 1309 4522 p.
1338 4463 1459 4516 471.
1498 4460 1551 4499 et
1586 4451 1643 4498 iu
1678 4448 1861 4518 Impp.
1902 4445 2127 4498 Morem
2220 4491 2236 4507 ,
2273 4448 2346 4499 11.
2384 4465 2445 4518 p,
2488 4459 2599 4509 ¹8¹·
2790 4447 2837 4513 f)
2871 4447 3035 4502 Tom.
3073 4449 3147 4499 11.
3183 4465 3244 4518 p.
3282 4465 3402 4510 241.
3628 4450 3682 4518 g)
3715 4451 3857 4502 Goth

799 4533 950 4568 num.
986 4532 1043 4584 p.
1084 4520 1199 4578 246.
1389 4516 1450 4580 h)
1491 4513 1615 4566 Hifl.
1646 4515 1749 4565 IV.
1784 4524 1870 4576 43.
2037 4516 2080 4580 i)
2115 4514 2187 4575 1..
2223 4515 2376 4568 Luc.
2416 4516 2446 4582 §
2481 4531 2569 4572 20.
2772 4513 2834 4578 k)
2873 4515 2998 4568 Vol.
3037 4515 3137 4568 lv.
3174 4533 3210 4586 p
3272 4529 3388 4583 240.
3565 4516 3605 4582 l)
3645 4517 3784 4594 Cap.
3818 4532 3872 4580 4.

800 4587 878 4650 m)
911 4582 1056 4634 Suet.
1095 4600 1139 4633 c.
1179 4599 1228 4636 2.
1421 4585 1480 4645 n)
1515 4581 1703 4637 Punic.
1737 4582 1803 4633 L.
1841 4581 2004 4634 vul.
2039 4595 2161 4648 471.
2345 4583 2407 4647 o)
2442 4581 2591 4635 Suet.
2627 4598 2674 4634 c.
2709 4599 2762 4650 3.
