4225 5450
1313 554 2382 701 PRAEFATIO.

287 776 551 851 minus
584 762 872 874 inte’gri
902 767 1166 858 fuere,
1212 766 1745 867 peccaverint.
1857 758 1988 833 Ex
2066 764 2457 863 catalogis
2514 777 2886 837 monetae
2952 764 3394 865 Augusteae

290 906 695 1004 hucusque
733 906 1073 1009 vulgatis
1109 902 1323 976 haud
1362 902 1600 977 dubie
1645 896 2174 995 amplissimus
2243 900 2312 970 is
2377 894 2519 988 est,
2599 898 2733 994 qui
2809 921 3086 973 numos
3154 901 3397 977 musei

294 1026 663 1117 Caesarei
696 1036 1329 1115 vindobonense
1368 1036 1961 1135 complectitur,
2013 1034 2093 1107 in
2132 1056 2287 1131 quo
2327 1032 2643 1106 edendo
2694 1055 3013 1107 omnem
3072 1034 3259 1109 dedi
3317 1061 3399 1110 o·
3431 1026 3436 1033 ’

286 1198 615 1274 peram,
664 1176 751 1249 ’ut
783 1173 1063 1247 lectori
1103 1168 1399 1247 nonnisi
1438 1191 1791 1244 mercem
1823 1168 2202 1243 linceram
2242 1167 2641 1258 offerrem,
2685 1193 2781 1242 ac
2819 1171 3087 1245 sedulo
3124 1170 3398 1247 mone.-

287 1333 509 1402 rem‚
562 1310 610 1383 fi
667 1312 800 1407 qui
837 1311 1054 1382 numi
1100 1319 1240 1381 aut
1285 1305 1591 1381 fraudis
1634 1309 1964 1389 veteris,
2012 1316 2149 1379 aut
2212 1306 2582 1378 noviciae
2641 1306 3082 1405 ignominia
3149 1311 3403 1383 notati

284 1446 478 1523 [unt.
575 1422 983 1520 Enarravi’
1010 1443 1397 1519 hactenus
1432 1465 1725 1542 opera,
1775 1464 1980 1540 quae
2020 1453 2156 1515 aut
2219 1412 2545 1530 omnea,
2629 1453 2768 1512 aut
2824 1441 3095 1538 plures
3179 1440 3400 1540 hujus

292 1595 666 1656 monetae
704 1578 973 1655 claffes
1023 1580 1451 1669 continent,
1549 1580 1661 1652 At
1718 1576 1887 1651 sunt
1942 1592 2408 1675 praeterea,
2476 1598 2681 1672 quae
2736 1590 3037 1657 certam
3101 1590 3402 1653 tantum

302 1714 614 1791 class'em
653 1713 937 1803 filiunt,
990 1735 1086 1787 ac
1129 1714 1567 1811 praecipue
1615 1690 2051 1787 numerum·
2086 1715 2426 1787 maximi
2491 1711 2842 1802 moduli,
2907 1716 3108 1787 inter
3199 1738 3401 1812 quae

299 1822 844 1929 commendari
896 1861 1298 1935 merentur
1331 1849 1810 1923 numismata
1847 1842 2071 1941 hujus
2096 1845 2422 1953 ⁴clasais,
2479 1838 2683 1944 quae
2736 1844 2956 1920 suere
3009 1852 3091 1920 in
3137 1849 3401 1971 mul'eo

301 1984 737 2063 cardinalia
761 1983 1193 2081 Carpegna
1234 2007 1284 2055 a
1334 1980 1712 2079 Philippo
1760 1979 2266 2057 Buonarroto
2319 1982 2752 2056 immensae
2794 1982 3254 2067 eruditionis
3291 1987 3407 2070 vi-

298 2142 391 2233 rc
426 2120 872 2217 explicata,
926 2116 1355 2191 cardinalis
1390 2116 1719 2197 Albani
1732 2120 1812 2188 in
1856 2118 2120 2201 lucem
2180 2119 2370 2194 data
2396 2145 2446 2193 a
2477 2116 2997 2215 Rodulphino
3048 2116 3349 2193 Venuti
3384 2176 3407 2211 ,

303 2254 573 2330 musei
588 2251 850 2324 Pisani
895 2250 1001 2324 ab
1032 2249 1369 2325 Alberto
1410 2250 1924 2329 Mazzoleno.
2077 2249 2407 2328 Cautius
2478 2249 2862 2347 adhibeto
2928 2256 3409 2329 numismata

304 2378 613 2467 moduli
647 2386 985 2461 maximi
1017 2381 1125 2456 ex
1165 2383 1705 2457 cimeliarchio
1748 2384 2149 2461 Ludovici
2187 2380 2414 2464 XIV.
2443 2383 2732 2459 tabulis
2767 2383 2983 2459 XLI.
3027 2387 3408 2481 exhibita,

178 2582 191 2589 -
306 2547 639 2623 quorum
679 2534 994 2620 partem
1027 2520 1311 2603 fusam,
1364 2531 1447 2591 et
1476 2518 2044 2610 adulterinam,
2097 2531 2408 2616 partem
2453 2519 2668 2593 male
2702 2521 3042 2612 lectam,
3092 2537 3409 2621 partem

309 2682 456 2758 per
488 2659 878 2733 incuriam
918 2656 1199 2760 alienis
1244 2654 1856 2755 imperatoribus
1896 2654 2273 2731 tributam
2314 2652 2630 2730 testatur
2663 2655 3135 2734 Bandurius.
3187 2662 3265 2751 ⁸)
3337 2660 3408 2733 I-

314 2797 500 2871 dem
532 2792 700 2868 fere
747 2795 1116 2890 judicium
1154 2769 1255 2864 de
1293 2794 1557 2866 numis
1592 2793 1945 2887 ejusdem
1985 2789 2254 2868 classis
2289 2790 2532 2865 musei
2572 2791 2928 2870 Medicei
2957 2820 3008 2870 a
3043 2793 3292 2871 Gorio
3329 2820 3410 2872 e-

315 2934 539 3023 ditis,
595 2931 695 3030 de
745 2949 1079 3027 quorum
1112 2925 1267 2999 fide
1310 2929 1435 3026 egi
1474 2923 1692 3002 alibi.
1740 2920 1802 3017 ι’)
3070 2977 3092 3020 5

505 3202 990 3306 Postremum
1024 3199 1221 3274 mihi
1268 3198 1642 3296 judicium
1682 3202 1830 3276 erit
1865 3200 1964 3276 de
2021 3201 2354 3300 copiofls
2417 3189 2710 3277 tabulis
2786 3208 3057 3288 aeneis
3088 3239 3142 3293 ,2
3207 3221 3411 3298 quae

318 3353 730 3422 monetam
762 3339 1118 3439 priorum
1149 3333 1322 3409 XII.
1364 3337 1939 3435 imperatorum
1976 3315 2222 3436 ipsius*
2263 3335 2622 3412 Morellii
2659 3362 2900 3413 manu
2934 3338 3418 3414 delineatam

325 3477 979 3575 complectuntur.
1078 3470 1169 3544 In
1200 3475 1581 3573 parandis
1636 3470 1760 3544 his
1801 3471 2091 3546 tabulis
2130 3472 2500 3547 mirabile
2553 3474 2740 3564 fuit,
2793 3469 2910 3565 et,
2963 3477 3091 3571 qui
3144 3478 3242 3552 iis
3308 3476 3422 3546 uti

325 3613 640 3701 volunt,
690 3607 1243 3709 permolestum
1283 3610 1617 3683 celebris
1654 3589 1816 3705 ejus
1869 3606 2502 3707 viriyinstitutum.
2637 3610 3135 3688 Praecedunt
3197 3632 3422 3683 more

208 3832 239 3856 .
331 3742 757 3820 Goltziano
795 3749 1061 3841 capita
1099 3745 1563 3845 singulorum
1593 3743 2138 3845 Augustorum,
2187 3742 2599 3844 sequuntur
2631 3760 2902 3844 partes
2933 3727 3456 3844 'aversaepro'

333 3878 776 3955 discrimine
809 3880 1339 3970 metallorum,
1389 3893 1468 3953 et
1504 3847 2131 3980 magnitudinum
2175 3869 2603 3979 dispositae.
2707 3879 3104 3957 Claudunt
3141 3897 3427 3980 agmen

326 4017 559 4102 numi,
591 4037 695 4087 ex
739 4009 1086 4104 Goltzio,
1136 4018 1404 4109 ejusve
1442 4011 1678 4087 MSS.
1726 4014 1958 4111 capti.
2059 4013 2286 4088 Bono
2314 4017 2635 4111 quidem
2676 4015 2985 4091 consilio
3029 4020 3428 4118 plerisque

327 4148 691 4251 partibus
739 4145 1025 4223 averiis
1070 4143 1406 4232 adstituit
1437 4147 2145 4246 notam-aliquam,
2196 4176 2273 4226 v.
2307 4172 2371 4223 c.
2409 4151 2697 4238 lilium,
2778 4143 3135 4244 leonem,
3223 4143 3430 4227 colu·

337 4281 606 4371 brum,
659 4303 1113 4371 emonam„
1142 4263 1329 4370 etc„
1380 4295 1503 4371 ut,
1536 4257 1657 4356 'ex
1706 4286 2111 4380 quonumi
2157 4282 2392 4358 effent
2427 4285 2693 4360 museo
2745 4292 3014 4387 petiti,
3069 4287 3436 4371 comitiano
3479 4381 3492 4390 „

410 4499 468 4566 a)
506 4496 647 4552 Bibl.
684 4511 839 4551 num,
873 4495 970 4550 sub
1007 4495 1240 4567 Seguino
1274 4499 1332 4550 in
1369 4491 1497 4550 fine.
1622 4529 1635 4537 ·
1687 4496 1752 4567 b)
1792 4500 1921 4554 Vol.
1961 4503 2005 4554 1.
2041 4500 2255 4571 Proleg,
2291 4518 2415 4573 gem
2449 4520 2513 4574 p.
2555 4503 2781 4570 cmm.
2840 4577 2869 4607 n
2922 4578 2949 4608 n

1406 4627 1411 4632 .
3005 4598 3044 4645 2
