4225 5450
3 3532 6 3543 ἡ
1 2814 9 3439 -Α--ᾐ-Αᾘ-ρ--ῄ-Ἦ-
3 2768 6 2797 ἡ

1531 538 2274 670 Avovsrvs
3320 578 3447 644 ΨΒ

338 740 578 808 saltem
625 742 894 827 potiore
937 739 1027 803 sui
1080 755 1277 827 parte
1304 745 1524 810 minus
1566 747 1858 831 proben-

307 841 454 903 'tur
502 841 631 918 iis,
685 839 799 923 qui
842 840 1047 922 longo
1080 838 1193 901 usu
1242 841 1577 919 didicere,
1630 843 1715 905 de
1741 862 1857 905 nu-

150 955 159 963 ·
236 994 247 1001 .
310 945 315 951 “
347 954 615 998 morum
659 936 885 1019 patria
924 954 1010 996 ex
1046 953 1278 999 eorum
1314 938 1549 1016 modo,
1604 958 1685 1001 ac
1724 938 1858 1000 cul·

340 1042 419 1093 tu
464 1029 809 1108 arbitrari,
862 1031 1043 1112 quod
1076 1031 1403 1112 judicium
1434 1033 1632 1096 nullis
1665 1053 1858 1116 prae-

341 1127 558 1211 ceptis
632 1126 894 1208 acquiri
976 1122 1228 1208 potest,
1293 1127 1402 1191 sed
1482 1130 1854 1193 tracta-ndis

340 1221 971 1306 componendisque
1002 1221 1179 1283 varii
1212 1225 1473 1307 generis
1499 1226 1718 1288 numis
1745 1225 1855 1288 de-

342 1318 550 1400 nique
591 1316 954 1379 obtinetur.
1058 1315 1214 1398 Quo
1278 1320 1347 1381 in
1412 1321 1726 1383 examine
1785 1333 1859 1384 ut

342 1413 583 1475 ordine
622 1412 989 1496 procedam
1015 1457 1034 1487 ,
1086 1414 1553 1479 controversus
1591 1413 1861 1502 Augusti

344 1526 590 1570 numos
631 1506 990 1570 secundum
1041 1510 1430 1589 metallum,
1512 1523 1582 1575 et
1626 1513 1859 1577 varias

347 1601 844 1687 magnitudines
886 1604 955 1664 in
983 1603 1307 1685 Judicium
1365 1607 1680 1685 vocabo,
1776 1606 1861 1671 [ic

348 1709 619 1780 tamen,
669 1709 744 1760 ut
769 1697 980 1762 nolim
1024 1718 1258 1762 eorum
1290 1704 1702 1786 pertinacius
1736 1707 1859 1768 im·

346 1813 651 1877 pugnare
731 1794 1164 1872 sententiam,
1242 1799 1482 1878 quibus
1516 1796 1724 1881 justae
1794 1802 1865 1863 in

346 1889 692 1953 nonnullis
723 1890 923 1953 aliter
959 1888 1274 1954 sentiendi
1315 1895 1556 1957 causae
1603 1880 1866 1978 praesto

352 1996 570 2046 erunt.
675 1989 896 2067 Atque
948 1996 1017 2046 ut
1066 1987 1400 2072 principio
1473 1990 1865 2075 ambiguum

358 2098 557 2142 omne
588 2080 905 2154 tollatur,
957 2083 1105 2158 ajo,
1160 2101 1267 2144 me
1301 2086 1572 2146 nomine
1608 2107 1865 2151 comma-

350 2178 441 2238 εἰς
487 2175 756 2241 Romam·
796 2174 1170 2259 intelligere
1240 2191 1588 2242 monetam
1629 2180 1815 2242 illam
1845 2228 1864 2257 ,

355 2291 530 2354 quae
572 2271 679 2334 seu
715 2292 759 2334 a
792 2271 1209 2355 principibus
1234 2274 1564 2337 Romanis
1584 2275 1653 2337 in
1677 2274 1868 2352 urbe,

354 2366 469 2427 vel
507 2379 703 2429 extra
735 2385 888 2428 eam
933 2365 1022 2426 ab
1064 2386 1297 2429 eorum
1333 2367 1724 2455 praefectiS,
1760 2369 1870 2432 seu

356 2460 427 2524 in
480 2460 643 2524 urbe
691 2462 954 2524 senatus
1022 2462 1105 2525 R.
1153 2466 1558 2527 auctoritate
1616 2463 1874 2550 [ignata

357 2554 482 2628 (τῆς
549 2560 821 2620 nomine
890 2561 1211 2623 commatis
1276 2563 1600 2644 peregrini
1677 2580 1828 2624 eam
1853 2607 1872 2638 ,

358 2672 565 2736 quam
650 2652 1154 2740 provinciarum
1227 2655 1425 2719 urbes
1466 2657 1875 2720 auctoritate

358 2750 683 2832 propria,
738 2748 851 2811 vel
893 2747 1246 2818 secundum
1288 2753 1593 2816 concess'a
1653 2751 1767 2815 fibi
1828 2772 1875 2816 a

361 2845 691 2907 Romanis
719 2848 873 2927 jura
922 2863 1323 2932 quacunque
1356 2849 1439 2911 de
1480 2847 1679 2911 causa
1746 2868 1869 2912 -cu-

358 2939 619 3002 derunt.

1089 3037 1123 3070 ᾮ

1260 3087 1301 3120 Ὦ

455 3130 655 3197 Numi
687 3085 1096 3196 ammissum
1127 3131 1196 3195 hi
1232 3153 1466 3200 omnes
1494 3138 1559 3199 in
1593 3144 1873 3211 moneta

356 3225 681 3289 Romana
722 3227 919 3290 solito
965 3228 1348 3306 volumine,
1401 3233 1742 3316 pondere,
1787 3250 1869 3304 ac

352 3320 604 3398 modo,
665 3321 944 3406 dempto
979 3342 1112 3386 uno
1199 3327 1482 3389 maximi
1541 3326 1801 3390 moduli
1848 3374 1867 3404 ,

360 3437 565 3498 quem
608 3416 808 3501 supra
843 3419 933 3481 ad
981 3439 1231 3482 annum
1267 3422 1351 3485 V.
1412 3420 1488 3490 C.
1536 3442 1673 3507 759
1760 3443 1871 3485 ex-

356 3512 602 3598 hibui,
644 3513 811 3595 qui,
865 3534 1015 3576 cum
1070 3516 1303 3578 unicus
1357 3514 1469 3597 fit,
1520 3516 1920 3580 materiam·

352 3606 594 3687 iustam
641 3607 972 3695 praesenti
1022 3610 1455 3696 disputationi
1516 3632 1655 3676 non
1700 3611 1877 3675 suffi-

350 3705 473 3768 cit.
1120 3793 1125 3798 ‚

932 3851 961 3882 n
1109 3802 1140 3833 n
1286 3852 1318 3885 U

460 3897 660 3964 Numi
691 3902 974 3983 argentei
1004 3908 1321 3962 monetae
1363 3895 1720 3962 Romanae
1758 3897 1873 3960 de-

350 3994 759 4070 nariorum,
812 4003 930 4056 aut
1031 3994 1493 4075 quinariorum
1598 3993 1877 4056 modum

360 4090 648 4153 habent.
747 4089 914 4152 Sunt
958 4100 1187 4152 tamen
1231 4090 1437 4152 etiam
1473 4109 1559 4151 ex
1591 4088 1876 4150 hocme-

350 4185 535 4250 tallo
579 4203 721 4247 non
757 4181 959 4268 pauci
995 4180 1296 4269 Augustei
1344 4185 1691 4246 maximae
1740 4180 1875 4243 for·

332 4300 521 4346 *mne
547 4328 568 4362 ,
622 4299 792 4363 quos
833 4291 1057 4342 utrum
1084 4279 1283 4341 credi
1345 4278 1553 4363 possit
1602 4279 1669 4339 in
1711 4276 1875 4340 urbe

350 4376 697 4463 fignatos,
745 4378 891 4458 jure
972 4371 1187 4461 potest
1218 4374 1557 4447 dubitari.
1694 4375 1871 4437 Nam

410 4582 497 4648 a)
536 4578 704 4639 Num,
728 4580 937 4652 „praesb
975 4581 1045 4635 T.
1082 4581 1153 4644 11,
1196 4599 1254 4652 p.
1296 4589 1392 4642 128
1428 4577 1559 4639 edit.
1595 4576 1759 4633 Rom.

1940 743 2234 830 primum
2271 747 2468 825 juxta
2526 754 2720 808 vetus
2762 739 3125 810 institutum
3185 752 3447 836 experi-

1943 840 2125 902 entia
2157 838 2423 923 insuper
2446 840 2965 924 comprobatum
2983 842 3450 911 Romanorum

1942 945 2219 996 moneta
2282 948 2604 1019 argentea
2684 937 3016 1012 denariiS,
3071 939 3448 1021 quinariis,

1938 1025 2246 1091 sestertiis
2292 1028 2674 1105 constabat3
2744 1051 2868 1115 per
2921 1028 3282 1096 Graeciam
3329 1028 3446 1098 au-

1937 1135 2116 1201 tem,
2172 1137 2239 1188 et
2279 1123 2497 1189 Aliam
2541 1146 2675 1189 non
2753 1145 3012 1210 paucos
3095 1143 3455 1215 argenteos

1936 1221 2215 1302 majoris
2236 1218 2504 1285 formae
2545 1240 2697 1285 cum
2724 1223 3211 1306 imperatorum
3262 1228 3446 1312 capi-

1938 1327 2006 1377 te
2036 1314 2268 1399 lingua
2299 1316 2366 1379 in
2389 1316 2541 1379 aliis
2564 1314 2865 1394 Graeca,
2916 1321 2985 1381 in
3022 1318 3177 1381 aliis
3197 1318 3447 1384 Latina

1938 1408 2130 1473 fuisse
2173 1410 2501 1496 signatos,
2544 1413 2863 1499 ,probant
2927 1415 3113 1476 numi
3175 1414 3446 1479 urbium

1939 1503 2387 1583 Cretensium,
2443 1504 2820 1592 Cistophori
2865 1506 3179 1586 Afiatici,
3262 1511 3449 1574 numi

1944 1602 2349 1666 Antiochiae
2401 1601 2686 1685 Syriae,
2737 1603 3193 1667 Alexandriae
3230 1609 3448 1691 Aegy-

1944 1698 2045 1781 pti
2077 1711 2215 1762 etc.
2316 1698 2580 1762 Deinde
2614 1699 2967 1785 suppetunt
3004 1699 3261 1762 indicia
3310 1702 3453 1765 alia

1948 1812 2084 1856 non
2119 1793 2587 1877 aspernanda,
2641 1814 2882 1858 numos
2919 1792 3157 1858 fimiles
3217 1797 3286 1858 in
3340 1816 3443 1860 ur-

1949 1888 2148 1952 bibus
2186 1887 2465 1952 Graecis
2533 1888 2719 1952 fuisse
2775 1889 3092 1974 lignatus,
3214 1891 3452 1957 Placet

1946 1985 2282 2066 inquirere
2318 1986 2384 2046 in
2418 2002 2659 2047 numos
2704 1985 2898 2068 huJ‘us
2932 1985 3232 2068 generis,
3276 2006 3449 2071 quos

1948 2078 2301 2143 Morellius
2342 2080 2409 2140 in
2443 2099 2573 2140 una
2615 2080 2988 2162 eademque
3033 2080 3301 2167 Augusti
3350 2098 3453 2148 ta-

1946 2172 2107 2235 bula
2148 2174 2332 2237 XIII.
2379 2172 2723 2238 confertos
2750 2174 3120 2258 proposuit.
3217 2176 3322 2239 Ex
3346 2179 3478 2242 his*

1948 2286 2189 2331 numus
2225 2272 2309 2332 V.
2345 2270 2737 2353 inscriptus:
2793 2267 3017 2332 COM.
3043 2269 3450 2356 astamty-

1950 2382 2059 2449 po·
2088 2365 2323 2448 templi
2381 2363 2712 2447 hexastyli
2765 2366 2831 2426 in
2898 2363 3050 2426 Asia
3100 2376 3294 2428 ‘certo
3343 2387 3451 2430 cu·

1951 2459 2053 2522 sus
2086 2458 2219 2537 est,
2270 2474 2345 2523 ut
2378 2458 2681 2545 pluribus
2712 2458 2916 2523 docui
2974 2457 3173 2545 supra
3207 2461 3294 2522 ad
3340 2483 3454 2525 ane

1952 2575 2112 2617 num
2154 2558 2235 2620 V.
2298 2554 2375 2621 C.
2435 2574 2595 2643 735.
2693 2553 3106 2618 Postremum
3173 2575 3456 2619 numero

1953 2652 2071 2715 XI.
2116 2665 2184 2716 et
2213 2653 2644 2738 inscriptum:
2696 2650 2874 2714 PAX
2907 2650 3032 2712 esse
3084 2646 3458 2716 verisimili·

1955 2741 2079 2810 ter'
2110 2762 2380 2833 partum
2425 2746 2615 2812 Asiae
2655 2744 3195 2833 proconsularis,
3265 2747 3462 2834 supra

1950 2848 2204 2930 pagina
2243 2858 2331 2929 83
2377 2843 2651 2908 oliendi.

1946 2943 2173 3003 cervis
2197 2941 2270 3003 in
2298 2960 2503 3004 numo
2539 2937 2662 3003 111.
2699 2957 2839 3002 non
2864 2937 3139 3001 obscure
3162 2937 3460 3002 Dianam

1948 3033 2305 3120 Ephefiam
2343 3037 2584 3121 arguit.
2682 3031 3067 3098 Fasciculus
3111 3034 3222 3097 sex
3252 3036 3459 3119 spica-

1942 3151 2100 3195 ·rum
2151 3133 2220 3194 in
2255 3151 2459 3196 numo
2493 3131 2609 3194 IV.
2655 3142 2857 3213 typus
2898 3123 2985 3190 est
3021 3130 3089 3191 in
3115 3131 3459 3193 Romano-

1943 3248 2101 3292 -rum
2135 3242 2416 3292 moneta
2481 3225 2768 3288 insuetus
2785 3247 2804 3297 ;
2878 3236 2953 3286 at
2998 3244 3153 3288 eum
3203 3225 3462 3310 passim

1952 3322 2248 3408 offerunt
2339 3324 2525 3388 numi
2613 3319 2974 3404 Aegyptii,
3043 3327 3111 3383 et
3171 3320 3463 3383 aliarum

1956 3415 2289 3483 Graeciae
2328 3418 2661 3483 Asiaticae
2709 3415 3017 3491 urbium,
3072 3415 3137 3476 e't
3218 3435 3462 3479 revera

1955 3514 2367 3582 Vaillantius
2397 3518 2464 3576 in
2502 3513 2719 3576 numis
2737 3509 3022 3593 Trajani
3039 3509 3459 3574 tetradrach-

1948 3629 2144 3673 mum
2177 3611 2356 3674 citat
2395 3630 2546 3674 cum
2587 3608 2827 3671 eodem
2855 3617 3085 3691 typo«,
3135 3617 3209 3670 'et
3241 3606 3462 3669 inscri-

1942 3719 2143 3791 -ptum
2175 3703 2461 3770 Graece.
2511 3705 2572 3782 ¹²)
2645 3702 2949 3766 Eundem
2987 3714 3227 3787 typum
3273 3702 3459 3764 vide-

1946 3797 2175 3863 bimus
2223 3799 2404 3864 infra
2443 3803 2506 3863 in
2541 3819 2743 3862 numo
2783 3799 2989 3862 medii
3044 3795 3221 3862 aeris
3275 3795 3458 3860 Lati-

1956 3917 2038 3960 ne
2075 3898 2345 3978 quidem
2376 3897 2730 3980 inscriptO,
2779 3895 2891 3956 sed
2952 3915 3101 3957 cum
3157 3906 3324 3957 nota
3385 3887 3455 3964 S.

1958 3989 2039 4056 C.
2089 3992 2300 4068 abfit,
2345 3996 2488 4073 jure
2530 4008 2784 4076 arguo,
2838 4010 2990 4050 eum
3058 3995 3256 4052 entra
3323 3987 3458 4049 Ro·

1947 4108 2145 4151 mam
2183 4099 2620 4174 prognatum.
2713 4080 2996 4147 Exstant
3033 4083 3239 4146 etiam
3292 4081 3460 4143 fimi-

1943 4181 2055 4247 ‘lia
2084 4183 2589 4246 tetradrachma
2632 4197 2790 4242 cum
2860 4180 3085 4263 capite
3153 4179 3459 4253 Nervae,

1947 4299 2134 4361 quae
2165 4279 2301 4364 ipse
2332 4275 2740 4342 Vaillantius
2777 4291 3027 4357 praeco
3057 4269 3457 4358 pronuncia-

1957 4395 2028 4436 re
2064 4378 2272 4437 audet
2321 4374 2572 4460 {ignata
2626 4369 3082 4432 Alexandriae
3142 4364 3462 4454 Aegypti.

2773 2846 2914 2905 Ara
2968 2860 3121 2904 cum
3193 2841 3460 2907 duobus
3553 2917 3556 2922 ‚
