4225 5450
1544 540 2284 655 AvasTva

1310 775 1416 838 M.-
1452 776 1801 842 ·Ac1L1v
1806 776 1874 841 S.

1298 870 1616 935 Patinum
1672 873 1875 934 corri-

356 776 709 844 CAESAR
743 827 767 862 ,
846 776 1125 842 aversae
1179 797 1199 840 ι

356 873 787 938 GLABRIO.
830 872 1152 943 PROPR.

357 972 451 1055 git
494 968 875 1032 Gallandus
929 988 1017 1032 ex
1047 964 1244 1029 fimili
1277 967 1710 1052 integerrimo
1754 984 1873 1028 nu·
1924 1034 1935 1041 ,

359 1082 477 1126 mo
509 1062 1010 1127 Foucaultiano
1040 1109 1059 1137 ‚
1114 1059 1178 1139 ¹)
1232 1080 1367 1143 quo
1407 1059 1566 1125 teste
1614 1064 1683 1125 in
1749 1080 1871 1124 an-

355 1161 498 1222 tica
530 1157 874 1221 scribitur:
925 1157 1112 1223 IMP.
1165 1153 1534 1219 CAESAR.
1593 1153 1873 1221 AVGV·

358 1253 632 1329 STVS,
680 1255 750 1315 in
787 1251 1021 1316 aversa
1064 1251 1393 1334 superne:
1445 1252 1542 1315 M.
1596 1248 1872 1314 ACILI-

357 1349 513 1424 VS,
561 1346 863 1411 inferne:
916 1347 1037 1411 TI.
1102 1344 1608 1410 CLAVDIVM.
1670 1344 1873 1408 CAE-

355 1444 556 1509 SAR.
603 1441 853 1527 COR.,
904 1463 989 1506 ex
1025 1460 1160 1526 quo
1205 1459 1313 1502 res
1360 1441 1535 1505 duas
1570 1440 1871 1524 colligit,

245 1607 257 1615 ‚
358 1541 703 1627 primam,
764 1557 1041 1601 numum
1116 1535 1243 1598 ell'e
1293 1534 1601 1600 Corinthi
1671 1533 1876 1619 ligna·

359 1646 555 1711 tum,
607 1634 938 1710 alteram,
1000 1632 1231 1717 capita
1310 1631 1376 1693 se
1455 1631 1877 1717 respicientia

364 1747 511 1794 non
550 1728 672 1790 ess'e
716 1726 1007 1812 Augusti·
1049 1740 1115 1790 et
1166 1725 1451 1806 Liviae,
1525 1740 1596 1790 ut
1662 1725 1875 1788 visum

363 1820 747 1900 Causando,
798 1822 909 1886 fed
945 1821 1213 1887 Claudii
1246 1824 1414 1908 Aug.
1458 1834 1525 1885 et
1565 1821 1876 1907 Agrippi·

360 1938 497 1984 nae
535 1919 788 1981 uxoris.
888 1918 1402 2000 Havercampus
1442 1918 1519 1981 in
1569 1928 1763 2002 parte
1802 1933 1873 1977 a·

363 2013 565 2076 versa
596 2013 781 2075 numi
796 2012 1191 2076 Morelliani
1226 2011 1401 2074 dixit
1435 2011 1741 2075 exhiberi
1758 2012 1876 2074 Ti-

365 2107 671 2185 berium,
726 2119 791 2169 et
847 2106 1141 2171 Liviam.
1192 2097 1250 2184 ι’)
1348 2107 1453 2169 Ex
1513 2100 1733 2173 variis'
1768 2105 1876 2168 his

364 2202 707 2266 sententiis
735 2222 939 2291 quam
974 2204 1306 2287 adoptare
1338 2214 1678 2284 oporteat,
1720 2219 1876 2283 pro-

361 2298 692 2362 nunciare
737 2316 1043 2383 nequeo,
1094 2299 1298 2381 quia,
1368 2316 1544 2379 quae
1579 2313 1749 2359 vera
1804 2294 1879 2357 fit

358 2393 788 2479 epigraphe,
835 2395 1098 2477 ignoro.
1201 2391 1405 2472 Quod
1449 2411 1649 2453 unum
1685 2409 1875 2467 eruc,

364 2486 415 2550 fi
460 2508 629 2551 vera
663 2485 753 2550 est
783 2487 1105 2550 Morellii
1144 2487 1397 2560 lectio,
1465 2490 1648 2567 cujus
1694 2478 1877 2550 forte

365 2602 614 2648 numus
646 2582 943 2646 diversus
978 2579 1065 2644 est
1108 2602 1150 2643 a
1202 2580 1709 2657 Gallandiano‚
1760 2601 1880 2642 nu-

365 2696 522 2743 mus
566 2680 624 2741 is
678 2691 959 2764 propter
1023 2679 1436 2740 mentionem
1498 2677 1877 2740 consulatus

368 2773 493 2837 lx.
524 2776 613 2837 ad
663 2772 840 2836 hunc
885 2774 1133 2837 ann‘um
1166 2773 1493 2855 pertinet.
1607 2772 1881 2834 Necess'e

367 2888 511 2934 non
548 2866 681 2946 est,
734 2881 805 2930 ut
849 2869 1181 2942 doceam,
1234 2887 1385 2929 eum
1447 2866 1578 2930 fine
1660 2865 1875 2930 dubio

370 2976 571 3027 extra
601 2963 834 3027 urbem
879 2961 1068 3025 fuiss'e
1115 2961 1459 3048 lignatum.

1116 3061 1144 3088 ἢ

938 3109 970 3140 ss
1291 3109 1321 3140 *B

471 3151 578 3218 Ab
607 3153 739 3217 hoc
787 3174 966 3217 anno
1006 3173 1216 3235 usque
1248 3154 1338 3215 ad
1379 3171 1635 3214 annum
1669 3153 1752 3216 V.
1796 3148 1874 3214 C.

366 3267 513 3333 732
550 3247 781 3335 [ignati
818 3250 961 3312 sunt
1009 3250 1078 3311 in
1117 3249 1438 3334 Hispania
1488 3248 1757 3309 denarii
1797 3246 1875 3310 P.

367 3343 606 3409 carini
633 3392 659 3422 ,
706 3365 875 3428 quos
908 3343 1093 3409 infra
1130 3342 1706 3429 adipsum.th
1758 3359 1876 3410 an·

358 3459 533 3508 num
562 3438 795 3514 lissam,

764 3629 848 3697 V.
889 3630 953 3696 C.
991 3648 1116 3714 730
1146 3627 1236 3694 A.
1265 3628 1492 3713 X.24.

362 3723 560 3792 COS.
603 3725 687 3791 Χ.
711 3726 917 3793 DES.
954 3727 1081 3790 XI.
1130 3725 1390 3789 PONT.
1418 3723 1629 3788 IMP.
1669 3719 1874 3789 VIII.

462 3820 749 3908 Augqeo
782 3821 871 3887 X.
914 3822 982 3887 C.
1016 3817 1324 3886 Norbano
1377 3819 1595 3886 Flacco
1653 3838 1813 3882 cos..

460 4014 639 4092 Anni
669 4011 1207 4097 principio'Rom
1219 4030 1329 4073 am
1363 4009 1725 4073 revertitur
1746 4010 1876 4071 An-

342 4105 606 4197 gustus.
710 4105 1031 4171 Cantabri
1066 4103 1219 4191 post*
1240 4107 1377 4187 ejus
1397 4103 1877 4188 discess'umite-

196 4227 203 4230 ’
308 4217 513 4328 “rum
558 4202 840 4268 rebelles
888 4201 1416 4285 compescuntur.

435 4410 494 4470 a)
534 4406 704 4460 Eleet.
745 4407 858 4460 Wo
860 4408 1081 4463 ltereck

346 4476 819 4548 δ)Ιι.,.ιΙ.Ι.ο
800 4495 878 4546 1.9
980 4425 1788 4550 efcenotMDffich
1769 4493 1882 4546 ι5

1549 4406 1607 4470 b)
1645 4406 1720 4461 ad
1743 4403 1999 4466 Metellii
2025 4403 2195 4469 Fam

2057 773 2312 853 Desunt
2348 773 2512 836 certi
2546 744 2741 856 thus
2773 772 2938 835 'anni
2973 774 3196 836 num'i.

2351 963 2442 1029 V.
2487 963 2551 1026 C.
2578 982 2698 1046 731
2720 960 2817 1031 A.
2847 962 2934 1027 X.
2972 986 3077 1047 23.

2104 1059 2287 1125 COS.
2327 1060 2457 1123 XI.
2507 1060 2779 1125 PONT.
2846 1060 3051 1127 IMP.
3118 1061 3327 1129 VIII.

2003 1156 2290 1243 Augusto
2323 1155 2400 1219 Χ
2394 1156 2456 1219 Ι
2495 1154 2590 1220 A.
2635 1156 2924 1219 Terentio
2968 1154 3266 1223 Varrone
3300 1180 3427 1226 cos.

2098 1252 3283 1417 ·TRJBVN1C}n5ffl1t⁹0TESTA8.

2055 1532 2432 1694 Augurffls‘
2413 1555 2482 1598 ιιι
2526 1554 2805 1621 gravem
2856 1536 2992 1602 hoc
3058 1560 3237 1605 anno
3289 1562 3473 1607 mor·

1956 1632 2118 1696 bum
2158 1633 2267 1695 inc
2344 1651 2459 1694 ens
2497 1631 2721 1695 Pisoni
2755 1634 3079 1720 conlegae
3124 1638 3469 1715 rationes,

1959 1729 2305 1812 Agrippae
2348 1724 2668 1790 annulum
2710 1729 2941 1792 tradit.
3044 1727 3476 1796 Convalescit

1961 1841 2175 1908 opera
2253 1822 2533 1885 Antonii
2577 1821 2811 1886 Musae
2891 1822 3144 1891 liberti.
3271 1828 3473 1891 Natis

1956 1913 2364 1981 Marcellum
2399 1917 2615 1992 inter,
2670 1928 2738 1979 et
2775 1921 3149 2004 Agrippam
3181 1906 3472 1987 fimultass

1956 2012 2186 2090 tibus,
2235 2010 2425 2095 quod
2461 2010 2618 2073 huic
2656 2014 2882 2095 potius
2945 2016 3233 2079 annulus
3289 2016 3474 2082 conr·⁸

1957 2107 2182 2170 mill'us
2217 2119 2398 2180 erat,
2447 2105 2628 2168 hunc
2666 2105 3043 2192 Augustus
3020 2130 3092 2193 ιιι
3121 2112 3472 2177 Orientem

1958 2201 2187 2264 mittit.
2286 2199 2654 2264 Marcellus
2708 2202 2951 2265 eodem
3013 2223 3192 2270 anno
3260 2210 3472 2275 mori-
3515 2278 3530 2287 ,

1958 2307 2091 2358 tur.
2337 2312 2343 2323 ⁴

2056 2391 2123 2453 T
2125 2388 2598 2453 RIBVNICIA
2640 2388 3105 2457 POTESTAS
3127 2441 3146 2472 ,
3196 2397 3471 2480 imperii

1965 2482 2311 2570 quoddam
2345 2483 2532 2548 velut
2563 2484 3077 2552 fundamentum
3108 2490 3265 2553 huic
3290 2510 3469 2556 anno

1958 2581 2224 2643 natales
2256 2581 2406 2643 suos
2453 2580 2677 2646 debet.
2778 2583 2956 2645 Nam
3001 2584 3112 2647 etfi
3153 2584 3474 2664 eamiam'

1958 2695 2138 2742 anno
2187 2677 2270 2739 V.
2311 2674 2388 2739 C.
2425 2688 2561 2754 718
2605 2676 2750 2763 post
2782 2679 3046 2743 victum-
3072 2680 3228 2745 Sex.
3269 2683 3470 2746 Pom·

1954 2776 2180 2857 pejum
2224 2770 2413 2834 fuiss'e
2480 2772 2769 2857 Augusto
2822 2775 3145 2839 collatam
3219 2778 3470 2845 doceat

1956 2867 2350 2952 Appianae,
2402 2865 2484 2946 ⁸),
2520 2870 2839 2953 idemque
2877 2872 3254 2934 eonceffum
3279 2877 3360 2937 V.
3387 2873 3467 2943 C.

1958 2974 2139 3045 724,
2193 2974 2260 3025 et
2299 2963 2571 3045 quidem
2636 2984 2758 3048 per
2792 2985 3064 3029 omnem
3104 2970 3318 3031 vitam
3365 2989 3473 3033 re.

1950 3055 2133 3127 ferat
2161 3056 2344 3135 Dio,
2392 3048 2476 3136 ’1)
2499 3068 2728 3122 tamen
2773 3061 3088 3146 lingulati
3136 3065 3472 3129 modoini

1952 3153 2085 3216 hoc
2120 3172 2300 3215 anno
2343 3150 2471 3215 fuit
2534 3153 2845 3232 decreta,
2897 3154 2979 3218 [ic
3041 3169 3116 3219 ut
3174 3159 3264 3224 ab
3335 3161 3470 3228 hoo

1952 3252 2092 3332 ejus
2127 3250 2434 3311 iteratae·
2447 3252 2707 3312 numeri
2757 3233 3151 3335 procedant.
3255 3258 3464 3346 Addi

1948 3356 2093 3407 tum
2136 3345 2354 3407 etiam
2390 3343 2865 3429 proconsulare
2911 3348 3272 3430 imperium
3319 3367 3466 3416 am·
3467 3351 3480 3360 ’

1945 3439 2169 3524 pliata
2214 3437 2563 3523 potestate.
2665 3436 3036 3504 Constituta
3053 3444 3241 3507 haec
3273 3443 3466 3513 fuiffe

1949 3546 2107 3596 ante
2143 3534 2325 3596 diem
2367 3536 2450 3600 V.
2477 3533 2645 3602 K.al
2698 3534 2870 3612 Iul„
2923 3536 3290 3603 conficiunt
3322 3563 3468 3605 eru-

1950 3628 2096 3692 diti.
2197 3629 2372 3692 Vide
2406 3628 2577 3692 haec
2655 3630 2870 3693 latius
2921 3633 3227 3717 expolita
3281 3640 3468 3721 apud

1952 3720 2308 3786 Norifinm.
2363 3727 2414 3800 θ)
2512 3723 2621 3786 De
2647 3725 3062 3790 tribuniciae
3114 3730 3465 3816 potestatis

1947 3830 2232 3901 natura,
2285 3831 2353 3882 et
2392 3822 2536 3902 eiua
2567 3824 3023 3886 numerandae
3050 3827 3264 3891 modo
3301 3830 3462 3894 vide

1944 3923 2314 3976 tractatum
2349 3913 2770 4001 [iugularem
2868 3916 3044 3981 Istud
3092 3942 3294 3986 unum
3326 3924 3463 3991 hoc

1944 4008 2102 4072 loco
2138 4006 2566 4072 observatum
2599 4012 2849 4088 velim,
2901 4033 3010 4076 me
3041 4015 3130 4078 ab
3168 4015 3462 4129 August-o

1945 4123 2160 4187 usque
2200 4103 2294 4166 ad
2330 4105 2738 4168 Antoninum
2753 4107 2947 4169 Pium
2968 4105 3231 4193 lingulis
3265 4111 3474 4176 annia

1944 4197 2223 4262 Iulianis
2253 4198 2446 4261 binas
2489 4198 2644 4263 trib.
2683 4201 3041 4284 potestates
3090 4204 3467 4287 includere,

2243 4404 2408 4461 Anu
2685 4406 2740 4477 ο)
2770 4406 2837 4462 Β.
2888 4408 2954 4462 c.
3002 4408 3069 4460 L.
3120 4410 3195 4474 v,
3247 4428 3291 4466 ο.
3347 4416 3480 4484 ²:52.

2911 4587 3102 4654 na.
