4225 5450
728 608 735 619 '
832 598 925 666 ⁸4

823 799 1022 866 pens,
1075 778 1281 845 omnia
1324 775 1500 849 {intra
1544 773 1840 845 lauream.
1936 778 2084 843 AR.
2119 799 2208 846 m.
2252 798 2345 843 m.

836 873 1044 961 (Mus.
1096 872 1324 955 Caes.)

930 971 1075 1033 Effe
1106 990 1380 1034 numum
1408 969 1580 1033 hunc
1612 966 1934 1053 signatum
1968 971 2050 1033 V.
2073 965 2153 1033 C.
2179 971 2344 1049 726,

832 1067 1184 1150 inscriptus
1219 1066 1598 1130 consulatus
1629 1067 1748 1129 VI.
1790 1064 2152 1149 eloquitur.
2204 1063 2346 1126 De-

742 1178 751 1189 ·
839 1163 997 1225 inde
1040 1163 1234 1247 plura
1266 1163 1336 1225 in
1372 1180 1455 1223 eo
1493 1160 1637 1224 sunt
1671 1180 1897 1237 nova,
1952 1179 2017 1223 et
2062 1158 2345 1223 insolen-

838 1258 959 1321 tia.
1058 1257 1327 1321 Titulus
1363 1258 1576 1342 partis
1611 1258 1901 1339 anticae,
1951 1274 2155 1338 quem
2187 1272 2348 1318 con·

752 1424 757 1429 ⁵
843 1353 1021 1437 cepit
1056 1351 1416 1431 adulatio,
1458 1372 1675 1445 neque
1732 1351 1906 1415 alius
1977 1352 2111 1415 live
2153 1349 2347 1429 hujus

840 1447 1195 1528 Caesaris,
1249 1447 1380 1512 live
1430 1435 1842 1530 sequentium
1904 1443 2348 1531 Augustorum

840 1564 1082 1610 numus
1122 1543 1344 1607 offert.
1443 1543 1726 1605 Accedit
1762 1560 2019 1605 corona
2070 1541 2347 1619 laurea,

844 1644 1030 1722 eujus
1066 1641 1393 1702 hactenus
1426 1637 1694 1700 unicum
1758 1636 2143 1722 exemplum
2182 1633 2351 1698 vidi-

846 1754 1035 1812 muS,
1088 1747 1156 1797 et
1193 1735 1275 1797 de
1319 1752 1455 1818 qua
1491 1731 1806 1796 hocloco
1846 1731 2235 1797 adcuratius
2255 1730 2353 1792 vi-

2001 571 2764 697 Avevsrvffi

2436 779 2592 843 dole
2636 776 2979 854 oblatum,
3034 773 3194 862 quia
3245 773 3414 840 iliud
3450 824 3470 858 ,
3542 782 3674 843 ndu
3733 776 3937 863 illud„

2429 876 2599 961 regii
2635 877 2843 939 moris
2878 872 2964 937 est
2994 872 3329 937 habitum.
3432 878 3789 953 Auctores,
3824 879 3943 959 qui
4055 956 4062 960 ὴ

2432 970 2766 1034 Iulianum
2806 969 2974 1033 illud
3003 968 3404 1046 describunt,
3456 970 3574 1034 alii
3619 973 3844 1035 minus
3867 990 3937 1034 a·

2429 1078 2617 1150 perte
2653 1066 3037 1149 loquuntur.
3151 1065 3288 1128 Dio
3359 1065 3625 1149 διαδημα
3659 1080 3936 1131 -tantum

2429 1174 2661 1226 vocat.
2718 1167 2769 1239 c)
2819 1159 3222 1227 Plutarchus
3250 1181 3384 1225 uno
3406 1161 3582 1231 -loco
3611 1165 3709 1226 ait
3745 1160 3935 1226 stiiss'e

2432 1254 2702 1338 διαδημα
2769 1257 3015 1335 secam
3070 1255 3305 1337 δαφνης
3362 1261 3937 1341 περιπεπλεγμενον,

2432 1349 2717 1418 diadema
2749 1371 3013 1417 coronae
3032 1349 3278 1416 laureae
3304 1355 3616 1419 innexum.
3670 1345 3728 1433 11>
3780 1353 3939 1418 Alio
4063 1362 4069 1367 ’

2431 1447 2590 1511 loco
2624 1450 2868 1513 dicitur
2912 1447 3006 1509 M.
3040 1450 3369 1511 Antonius
3401 1447 3668 1533 διαδημᾳ
3701 1450 3939 1531 δαφνης

2432 1543 2679 1623 ςεφαιιῳ
2719 1547 3050 1625 περιελιξοις
3079 1589 3098 1621 ,
3148 1542 3431 1629 diadema
3485 1565 3747 1609 coronae
3810 1545 3944 1610 lan·

2431 1657 2575 1702 reae
2604 1636 2873 1727 iffigaffi.
2924 1632 2983 1717 e)
3035 1637 3169 1701 Alii
3205 1639 3609 1726 explicatius
3656 1640 3938 1725 loquun-

2431 1744 2542 1795 tur
2659 1734 3018 1797 Suetonius
3074 1734 3250 1796 dixit
3320 1754 3610 1800 coronam
3656 1736 3942 1802 lauream

847 1832 1043 1894 detur
1075 1830 1432 1915 agendum.
1535 1830 1789 1892 Narrat
1838 1828 2014 1909 Dio,
2066 1824 2130 1910 ²)
2184 1823 2349 1889 Cae·
2425 1827 2694 1894 candida
2712 1828 3391 1915 fasdamasligatM,
3407 1820 3488 1907 f)
3541 1833 3953 1928 Appianum·

844 1925 972 1989 sari
1014 1923 1234 1989 nostro
1270 1928 1349 1988 V.
1413 1922 1487 1988 C.
1576 1938 1716 2004 714
1759 1926 2100 1992 decretum
2160 1918 2351 1983 fuiss'e

839 2023 946 2103 jus
1027 2021 1302 2085 laureae
1341 2018 1696 2108 gestandae
1773 2021 2018 2096 toties,
2085 2019 2350 2102 quoties

845 2117 1266 2203 triumphans
1314 2116 1558 2201 aliquis
1604 2137 1687 2180 ea
1730 2127 2062 2191 uteretur3
2112 2131 2349 2200 perpe-

841 2224 1031 2279 tuum
1061 2233 1227 2276 vero
1276 2216 1417 2297 ejus
1464 2214 1647 2279 usum
1678 2211 2053 2276 concess'um
2076 2214 2352 2276 demum

844 2310 932 2384 V.
982 2307 1055 2374 C.
1091 2321 1227 2389 718
1269 2308 1411 2395 post
1452 2312 1702 2375 victum
1740 2311 1894 2373 Sex.
1922 2307 2351 2396 Pompeium,

841 2406 1022 2470 idem
1069 2403 1301 2479 refert
1353 2393 1419 2485 1’)
1472 2411 1744 2470 Atvero
1770 2424 1888 2468 cur
1917 2402 2152 2467 laurea
2180 2404 2352 2467 haec

841 2502 909 2565 in
952 2522 1157 2566 numo
1191 2500 1576 2586 praesente,
1626 2512 1769 2562 tum
1804 2511 1871 2561 et
1911 2498 2231 2582 deinceps
2281 2499 2351 2559 in

2435 1925 2786 2003 έςεφανωσε
2822 1924 3082 2003 δαφναις
3141 1917 3667 2008 ἀναπεπλεγμενης
3709 1911 3953 2009 ταινισιξ

2433 2023 2702 2102 λευκης,
2750 2026 3071 2097 coronavit
3105 2020 3361 2096 laurea,
3431 2023 3527 2085 cui
3561 2022 3769 2109 fascia
3795 2024 3947 2090 alba

2436 2114 2727 2183 obvoluta
2746 2117 2902 2204 fuit.
2949 2111 3016 2197 8)
3068 2116 3274 2199 Atqui
3336 2113 3507 2180 haec
3554 2117 3700 2200 ipsa
3763 2121 3941 2204 peri·

2435 2209 2651 2291 stalis,
2700 2224 2913 2280 tama
2956 2210 3139 2288 alba,
3189 2212 3448 2294 regium
3499 2209 3747 2291 fuerit,
3797 2216 3946 2280 Ro·
4035 2279 4044 2284 ,

2435 2310 2788 2394 manisque
2818 2309 2994 2372 adeo
3019 2305 3290 2372 exosum
3308 2327 3338 2379 3·
3379 2324 3538 2371 nam
3571 2308 3942 2389 Lucianus,

2431 2422 2569 2485 quo
2618 2405 2775 2468 loco
2836 2422 3068 2487 regum
3153 2395 3475 2465 diadema
3554 2419 3946 2486 memorat,

2432 2499 2600 2561 illud
2643 2511 2850 2561 vocat
2890 2518 3111 2563 ταινιαν
3140 2502 3362 2578 λευκην
3393 2515 3518 2586 περι
3536 2520 3625 2579 τῳ
3644 2519 3943 2582 percurro),

842 2600 1061 2663 numis
1096 2596 1408 2661 omnibus
1441 2615 1574 2658 non
1620 2590 1891 2678 Augusti
1938 2593 2192 2673 modo,
2241 2592 2354 2655 sed
2420 2591 2966 2679 fasciam-albam,
3034 2612 3194 2679 quae
3246 2592 3530 2674 frontem
3607 2595 3822 2667 ambit.
3877 2590 3951 2679 ¹²)

841 2708 910 2760 et
945 2693 1354 2777 sequentium
1431 2692 1918 2774 imperatorum
1975 2687 2352 2751 diademati

830 2789 1180 2878 illigatur,
1208 2786 1418 2864 cujus
1465 2781 1610 2870 post
1653 2785 1927 2869 occiput
1988 2784 2173 2847 nodo
2216 2783 2353 2847 col-

842 2881 1002 2946 lecti
1035 2889 1265 2966 partes
1294 2878 1470 2942 duae
1511 2879 1578 2941 in
1616 2877 1968 2950 humerum
2004 2876 2352 2943 defluunt?

837 2976 1156 3043 Diximus
1191 2974 1262 3038 in
1300 2975 1522 3038 numia
1566 2975 1618 3037 Ι.
1647 2969 1992 3052 Caesaris,
2045 2974 2373 3043 lauream

806 3070 1000 3140 ‘huic
1062 3072 1447 3149 decretam,
1513 3082 1580 3134 et
1638 3071 1706 3133 in
1764 3071 1981 3133 numis
2053 3069 2355 3134 effictam

740 3195 753 3201 ·
846 3167 1027 3234 omni
1056 3165 1323 3251 prorsus
1349 3166 1736 3231 diademate
1774 3184 2029 3248 carere,
2081 3178 2148 3228 et
2173 3165 2359 3250 quod

842 3262 1137 3350 amplius
1179 3259 1312 3343 est,
1366 3282 1519 3327 cum
1556 3263 1656 3328 illi
1712 3261 1916 3324 semel
1976 3261 2356 3344 iterumque

845 3377 1104 3426 corona
1149 3357 1384 3423 laurea
1448 3357 1837 3422 diademate
1882 3355 2265 3443 praeligata
2313 3375 2359 3419 a

847 3457 945 3521 M.
970 3455 1293 3533 Antonio,
1344 3454 1633 3540 aliisque
1658 3456 2139 3539 imponeretur,
2190 3448 2360 3514 istud

841 3552 1148 3620 tribunos
1179 3550 1761 3637 fik-populumque
1803 3567 1939 3613 non
1979 3545 2358 3633 permisisse,

843 3668 1086 3733 nempe
1150 3648 1311 3731 quia
1388 3647 1657 3731 ‘regium
1720 3643 1897 3736 istud
1970 3641 2352 3707 videbatur.

844 3743 983 3808 Cur
1028 3761 1191 3828 ergo
1233 3741 1469 3805 laurea
1513 3739 1596 3804 fic
1633 3751 2035 3825 comparata
2093 3739 2352 3822 regium

845 3839 1008 3924 quid
1046 3837 1362 3901 visumin
1398 3835 1575 3900 Iulio
1603 3883 1622 3915 ‚
1674 3855 1809 3898 non
1844 3836 2009 3898 item
2048 3835 2117 3896 in
2149 3833 2355 3897 Oeta·

845 3939 1097 4012 vlano,
1169 3943 1234 3994 et
1288 3929 1592 4017 Augustis
1650 3932 1970 4015 reliquis?
2043 3929 2149 3993 Ex
2215 3948 2352 4012 quo

845 4042 1177 4118 apparet,
1228 4027 1549 4091 diadema
1578 4028 1772 4092 lauro
1816 4023 2162 4102 vestitum,
2218 4044 2351 4108 quo

840 4128 915 4194 hi
964 4125 1052 4193 ufi
1097 4125 1280 4200 sunt,
1332 4142 1465 4185 non
1502 4120 1692 4188 fuisse
1740 4125 1880 4205 ejus
1937 4120 2141 4204 plane
2211 4118 2352 4184 for-

844 4245 1042 4303 mae,
1091 4222 1276 4304 cujus
1323 4215 1454 4282 fuit
1487 4220 1773 4284 alterum
1808 4219 1861 4282 1.
1905 4214 2176 4279 Caesari
2207 4213 2353 4278 sub·

834 4476 841 4481 ·
909 4464 964 4524 a)
998 4460 1064 4514 L.
1102 4459 1373 4516 XLVIII
1413 4458 1564 4528 516.

844 4530 966 4594 736,
1159 4530 1214 4591 e)
1247 4525 1424 4580 inM.
1464 4527 1666 4578 Anton.
1703 4537 1834 4593 pag,
1868 4535 1990 4590 921..

843 4619 952 4685 h)
934 4633 995 4669 n
1032 4606 1268 4680 Πλοιῳ.

1754 4449 1917 4517 b)L.
1958 4451 2371 4522 xux.§15.

2182 4520 2224 4587 f)
2259 4521 2400 4574 i.n1
2437 4518 2750 4574 Caes-rer..
2791 4538 2878 4590 79⁴

2434 2691 2577 2751 Iam
2617 2707 2783 2752 vero
2815 2688 3187 2776 diadema,
3239 2706 3375 2771 quo
3422 2707 3596 2758 nunc
3639 2692 3738 2755 uti
3791 2710 3952 2757 coe·

2437 2784 2537 2867 pit
2573 2783 3026 2861 Octavianu8‚
3081 2798 3149 2868 et
3179 2784 3425 2868 reliqui
3460 2784 3735 2850 subinde
3808 2792 3952 2852 Au-

2438 2876 2639 2964 gusti,
2690 2879 2966 2943 alterius
3004 2876 3209 2943 fuerit
3269 2876 3580 2958 formae,
3631 2893 3701 2945 et
3751 2882 3956 2948 haud

2437 2974 2644 3039 dubie
2688 2975 2964 3038 alterius
3001 2975 3249 3039 coloris
3272 3020 3292 3050 ,
3347 2977 3554 3039 modo
3586 2977 3951 3060 nonalbi,

2442 3084 2509 3135 et
2557 3072 2906 3134 commodi
2949 3081 3207 3135 tantum
3254 3068 3457 3136 causa
3500 3063 3891 3137 adhibitum
3928 3121 3952 3154 ,

2440 3178 2517 3229 ut
2554 3167 2794 3230 laurea
2829 3185 2911 3229 eo
2971 3163 3327 3231 constricta
3375 3163 3632 3232 firmius
3686 3168 3956 3234 adhae-

2437 3272 2653 3342 reret,
2701 3281 2910 3345 quam
2943 3263 3782 3348 adhucaopportunitatem
3834 3285 3958 3329 ne·

2438 3355 2726 3442 glexerit
2757 3353 3003 3422 Caesar
3037 3359 3353 3422 dictator.
3455 3359 3632 3424 Sane
3665 3359 3809 3423 hoe
3851 3363 3962 3425 di-

2440 3452 2757 3516 ademate
2783 3452 2955 3516 nihil
2977 3451 3170 3517 fuiss'e
3210 3453 3578 3536 quaesitum
3626 3455 3962 3524 ambitio-

2438 3546 2563 3612 fius
2590 3594 2611 3626 ,
2659 3548 2817 3612 inde
2841 3560 3067 3634 patet,
3121 3548 3285 3633 quia
3317 3548 3510 3613 simili
3533 3549 3811 3614 subinde
3854 3552 3966 3616 di-

2438 3645 2757 3707 ademate
2787 3644 3097 3708 laureato
3154 3642 3244 3707 un
3290 3646 3360 3710 in
3395 3645 3615 3709 numis
3673 3667 3969 3733 quoque

2435 3738 2622 3818 sunt,
2673 3740 2790 3822 qui
2823 3738 3093 3824 Augusti
3136 3757 3269 3802 non
3301 3739 3533 3823 fuere,
3583 3753 3658 3803 ut
3691 3742 3965 3808 Drusus

2435 3833 2678 3913 senior,
2726 3835 2927 3897 Titus
2962 3847 3028 3897 et
3051 3834 3488 3926 Domitianus
3524 3836 3752 3901 adhuc
3775 3838 3969 3904 Cae·

2438 3930 2655 4006 sares,
2708 3930 2869 4014 quin
2902 3942 2968 3993 et
3016 3929 3099 3995 L.
3139 3931 3453 3996 Vitellius
3489 3932 3647 3997 Auli
3678 3935 3978 4019 Augusti

2437 4039 2672 4111 pater,
2723 4035 2793 4088 et
2844 4024 3048 4111 plane
3105 4028 3437 4110 privatus.
3539 4027 3702 4092 Tali
3740 4031 3976 4095 etiam

2436 4121 2793 4186 redimitus
2832 4122 2902 4185 in
2927 4133 3209 4188 moneta
3236 4121 3354 4186 sua
3384 4133 3741 4207 comparet
3768 4119 3976 4191 Cali-

2434 4216 2639 4304 gula,
2685 4234 2825 4280 non
2859 4215 2982 4281 illo
3021 4217 3250 4302 regio,
3297 4218 3483 4302 quod
3513 4237 3667 4281 eum
3704 4238 3982 4286 conou-

2578 4451 3132 4523 e)1..xl.1v.§.9
3358 4449 3982 4536 ὣίᾙηῦαοῑιεριε

3099 4520 3160 4589 g)
3204 4517 3348 4583 Bell
3384 4523 3488 4573 civ
3521 4519 3791 4580 L.11.0
3829 4534 3978 4587 tog.
