4225 5450
1420 518 2184 650 VITELLIVS.

254 791 363 837 nm
398 768 535 833 dici
580 763 744 831 sciet
774 814 793 845 ,
843 777 1238 849 certumque
1270 765 1499 851 putari
1542 766 1754 851 gladi-

254 886 413 942 um,
484 856 607 947 qui‘
658 883 744 926 ex
797 861 1064 946 cingulo
1122 860 1551 944 suspenditur.
1684 862 1754 925 Si

252 958 521 1046 gladius
554 956 711 1019 ess'et
732 1003 753 1034 ,
799 957 1058 1041 inquit,
1126 973 1268 1020 non
1309 955 1393 1018 fic
1443 952 1755 1040 praefer-

253 1064 438 1118 retur
476 1068 682 1114 manu
707 1093 726 1129 ,
772 1064 848 1114 ut
887 1052 960 1115 in
998 1053 1220 1116 numis
1250 1048 1752 1134 praesentibus,

251 1147 598 1230 variisque
629 1145 785 1210 aliis
808 1165 1015 1225 „uno
1050 1152 1191 1231 ejus
1242 1142 1375 1208 fine
1414 1144 1486 1209 in
1541 1144 1756 1209 altum

254 1243 434 1309 elato
454 1288 474 1318 ‚
541 1243 762 1305 altero
810 1242 906 1304 ad
956 1260 1131 1327 genu
1186 1237 1534 1328 applicato
1562 1288 1587 1325 ,
1645 1240 1760 1302 sed

243 1339 561 1403 haereret
600 1337 691 1399 ad
726 1336 906 1400 latus
940 1334 1525 1418 adfixuscingulo.
1624 1334 1761 1397 Ad·

240 1434 378 1515 dit,
428 1431 683 1494 mirari
715 1431 780 1494 se
817 1431 1253 1497 vehementer
1286 1429 1455 1496 illud
1478 1477 1498 1508 ,
1568 1430 1757 1515 quod

237 1544 507 1609 nunqua
528 1546 594 1589 m
624 1526 698 1587 in
739 1526 959 1590 numia
993 1525 1127 1592 five
1157 1529 1572 1612 imperator,
1622 1524 1756 1589 ssve

240 1624 432 1687 miles
469 1610 882 1706 compareat
900 1633 1217 1687 armatus
1268 1619 1527 1708 gladio·
1546 1620 1754 1683 etiam

99 1775 103 1779 ,
238 1726 380 1781 tum
401 1763 422 1795 ‚
472 1735 637 1781 cum
694 1715 948 1781 cultum
969 1716 1091 1793 ‚illi
1144 1719 1347 1803 plane
1390 1713 1755 1778 militarem

239 1810 665 1900 praeferunt.
764 1809 1085 1876 Dubitari
1125 1811 1331 1897 igitur
1373 1808 1754 1874 nullatenus

239 1908 458 1995 posse,
510 1907 961 1991 Parazonium
994 1904 1168 1969 istud
1206 1905 1391 1968 aliud
1426 1923 1562 1967 non
1602 1902 1755 1985 effe,

245 2020 449 2086 quam
503 2022 595 2066 un
630 2005 780 2067 vraae‘
826 1998 1020 2065 baton
1071 2000 1147 2064 de
1193 1999 1703 2064 commendantem
1733 2045 1755 2078 ,

243 2100 327 2164 tel
372 2100 476 2184 «μ’
493 2098 571 2184 est
595 2100 808 2182 pamm*
845 2115 1004 2160 nous
1061 2093 1116 2159 le
1160 2090 1353 2160 Μέση
1409 2094 1483 2158 de
1529 2096 1753 2158 Marl-

244 2193 385 2260 chat
414 2192 489 2256 de
519 2194 778 2257 france.
874 2190 1067 2279 Haec
1082 2189 1430 2267 Iohel-tus,
1454 2189 1517 2274 ⁸)
1548 2208 1755 2273 quam

174 2346 193 2357 .
244 2286 680 2361 sententiam,
732 2283 917 2347 haud
948 2284 1152 2347 dubie
1208 2304 1294 2346 ex
1354 2283 1599 2347 eodem
1640 2301 1751 2346 ca-

243 2396 474 2471 ptam,
528 2378 881 2469 amplexus
947 2377 1036 2442 est
1117 2381 1324 2442 etiam
1401 2377 1755 2443 Pinkerto·

246 2498 393 2542 nuS.
446 2466 533 2553 ἣ·
560 2481 647 2539 At
692 2472 859 2537 mihi
886 2519 907 2552 ,
971 2472 1088 2555 qui
1133 2473 1556 2536 retinendam
1613 2471 1755 2534 sen·
1800 2480 1809 2489 “

200 2651 205 2655 ψ
242 2574 528 2636 tentiam
558 2582 869 2634 veterem
908 2568 1111 2654 plane
1137 2566 1481 2647 existimo;
1531 2566 1750 2650 inqui-

242 2669 528 2732 rendum
558 2665 812 2751 primo
866 2663 1177 2740 videtur,
1253 2664 1416 2748 quid
1482 2675 1748 2727 veteres

232 2765 579 2848 par-azonis·
622 2759 895 2823 nomine'
934 2753 1410 2826 intellexerint.
1520 2761 1745 2824 Voca-

242 2858 477 2921 bulum
505 2854 673 2918 istud
720 2869 807 2915 ex
856 2852 1121 2930 Latinis
1168 2852 1603 2940 scriptoribus
1657 2851 1746 2917 ab

244 2952 448 3014 unico
482 2946 801 3013 Martiale
838 2947 1237 3032 usurpatur,
1289 2945 1631 3032 efficitque
1668 2947 1746 3010 ti·

140 3043 152 3056 '
242 3047 458 3110 tulum
499 3037 1008 3130 epigrammatis
1048 3042 1325 3106 XXXII.
1377 3041 1535 3106 libri
1568 3037 1748 3107 xlv.

690 3138 916 3203 Para
932 3157 977 3201 z
992 3139 1124 3202 oni
1138 3157 1181 3201 n
1197 3157 1260 3201 m
1284 3155 1312 3203 .·

341 3233 618 3304 Miletiae
647 3232 830 3300 aecus
862 3230 973 3297 hoc
990 3277 1012 3309 ,
1060 3241 1121 3296 et
1142 3234 1330 3317 grati
1369 3250 1586 3298 nomen
1637 3229 1744 3298 ho·

286 3371 291 3374 -
608 3375 613 3382 -
1337 3347 1552 3405 norw,

212 3424 237 3444 '⁴
266 3459 275 3464 ·
431 3424 649 3490 Arma
679 3419 1079 3489 minicium
1135 3424 1382 3508 cingere
1408 3422 1607 3508 digna
1641 3421 1742 3488 la-

262 3576 267 3581 .
368 3541 375 3546 ’
692 3543 701 3548 ·
894 3547 899 3552 ·
1426 3527 1552 3583 m.

238 3614 443 3681 quta
471 3628 750 3699 etymon
785 3610 1118 3678 Graecum
1148 3614 1593 3698 Parazonium
1631 3609 1741 3689 est,

236 3713 568 3796 quidquid
601 3706 815 3795 potest
851 3702 983 3793 ope
1018 3726 1234 3773 zonae
1265 3708 1540 3793 corpori
1573 3706 1740 3770 adli·

237 3806 424 3890 gari,
477 3815 597 3867 aut
637 3804 843 3865 etiam
897 3802 1232 3887 cingulum
1272 3803 1385 3868 vel
1428 3803 1738 3880 balteu8‚

236 3920 323 3963 ex
376 3919 511 3986 quo
565 3897 706 3961 alia
738 3915 1192 3980 ‹quaecunque
1240 3917 1346 3961 res
1408 3897 1739 3982 suspendi-

106 4016 117 4022 ·
238 4005 367 4058 tur„
467 3993 697 4076 Quare
747 4002 813 4053 et
863 3989 1035 4052 dixit
1083 3991 1316 4055 Plato:
1384 3989 1446 4074 ⁰)
1530 4011 1739 4075 τιαροις

3202 595 3340 666 3¹¹

1837 766 2005 833 istud
2024 815 2050 847 ,
2082 768 2192 831 etsi
2229 786 2396 855 pure
2423 762 2785 845 Graecum,
2808 782 2944 830 non
2973 768 3256 851 reperiri
3278 770 3350 833 in

1842 864 2242 930 auctoribus
2282 863 2582 925 melioris
2612 864 2894 938 aetatis,
2912 875 2978 924 et
2995 874 3259 951 tantum
3281 866 3351 929 in

1836 958 2169 1046 glossariis
2212 958 2479 1022 mediae
2507 969 2573 1021 et
2612 955 2886 1020 infimae
2915 953 3347 1024 Graecitatis.
3388 966 3394 971 “

1833 1051 2109 1123 Exstant
2143 1058 2372 1116 tamen
2405 1051 2659 1117 adfinia
2683 1050 3027 1114 vocabula
3043 1099 3065 1131 ,
3145 1066 3350 1137 atque
3447 1052 3460 1065 ⁸

1830 1149 2008 1213 haec
2041 1145 2194 1225 fere·
2221 1145 2480 1232 semper
2518 1166 2757 1233 parvos
2803 1143 3060 1230 gladios
3109 1142 3349 1233 'fignifi-

1839 1253 2015 1308 cant.
2150 1240 2567 1325 Hesychius:
2641 1236 3086 1328 napaeas-pap,
3149 1262 3350 1349 ἐικρα

1837 1351 2160 1423 μαχαιροι.·
2245 1336 2474 1399 Idem:
2526 1336 2720 1416 Ξιφος
2740 1382 2760 1413 ,
2807 1355 3094 1419 μαχαιρα
3114 1334 3219 1417 ,Ὕη
3239 1357 3340 1402 πε-

1834 1429 2091 1521 ριζωνιον
2110 1479 2132 1509 ,
2181 1422 2500 1513 ὁμωνυμον
2535 1433 2870 1509 macerarer,
2988 1430 3344 1496 Athenaeo

1839 1539 2299 1592 memorantur
2325 1520 2722 1614 παραξῳνιδια
2766 1545 2872 1590 και
2916 1530 3248 1610 λογχαρισε.
3274 1517 3352 1608 ³)

1837 1622 2221 1709 Xenophon
2271 1617 2879 1702 inm-„chalybum
2934 1639 3132 1683 arma
3197 1638 3345 1683 me-

1834 1730 2065 1781 morat
2098 1717 2306 1781 etiam
2364 1734 2526 1803 παρα
2567 1732 2675 1794 την
2732 1708 2919 1795 (mm
2967 1733 3299 1801 poexoeapcor
3320 1756 3342 1793 ,

1836 1806 1978 1878 ὅσον
2025 1815 2250 1892 ξυηλην
2298 1815 2664 1889 Λακωνικην
2683 1858 2706 1892 ,
2755 1800 2808 1889 ᾧ
2857 1809 3165 1888 &marrow
3187 1856 3208 1888 ‚
3259 1801 3347 1877 ὧν

1836 1914 2069 1993 aparuit
2118 1905 2420 1985 δυναιντο,
2453 1905 2658 1989 juxta
2714 1903 3026 1987 cingulum
3068 1918 3345 1988 parvm

1831 2000 2124 2088 gladium
2159 2001 2351 2092 instar
2375 2000 2680 2083 pugionis
2712 1996 3021 2073 Laconici,
3071 2020 3192 2085 quo
3200 2019 3345 2082 pu·-

1837 2097 2133 2186 cuffenmt
2151 2141 2172 2174 ,
2223 2114 2392 2180 quoe
2409 2093 2668 2178 nancisei
2687 2102 3003 2176 poterant.
3055 2099 3108 2170 ε)
3161 2094 3342 2179 Ergo

1837 2192 2021 2275 quod
2064 2187 2500 2274 Xenophonti
2532 2185 2620 2248 est
2661 2204 2822 2271 παρα
2854 2204 2962 2267 την
3004 2179 3190 2268 (wrm
3218 2205 3341 2267 μοι·

1833 2304 2113 2371 χαιριον,
2162 2283 2283 2347 alii
2320 2282 2732 2348 contractius
2778 2281 3011 2343 dixere
3066 2274 3338 2368 παραζω-

1830 2399 1973 2448 mv.
3061 2416 3070 2431 -
3173 2402 3178 2405 ·

1931 2475 2300 2558 Quaeritur
2327 2491 2535 2558 porro
2558 2522 2581 2556 ‚
2631 2484 2852 2536 utrum
2886 2470 3055 2539 illud
3081 2521 3102 2554 ,
3156 2474 3346 2560 quod

1828 2569 2217 2654 frequenter
2252 2588 2389 2633 non
2426 2569 2498 2631 in
2546 2570 2765 2632 numia
2814 2567 3021 2632 modo
3049 2615 3068 2646 ,
3120 2567 3233 2634 sed
3274 2580 3345 2633 et

1828 2666 2113 2753 gemmis
2163 2677 2232 2730 et
2263 2663 2670 2749 anaglyphis
2709 2661 3013 2728 adfixum
3052 2662 3343 2742 militum

1814 2757 2020 2826 'lateri
2050 2809 2069 2838 ‚
2120 2760 2516 2846 plerumque
2585 2757 2875 2839 sinistro,
2927 2771 3047 2823 aut
3081 2779 3094 2790 ’
3129 2759 3339 2823 etiam
3421 2841 3428 2850 Ι

1827 2858 1985 2921 loco
2026 2868 2286 2920 motum
2317 2852 2555 2940 gestari
2591 2872 2792 2917 manu
2815 2901 2835 2933 ‚
2887 2835 3107 2938 atque'
3131 2849 3343 2918 osten-

1829 2954 1961 3016 tari
1996 2953 2307 3018 videmus
2335 2995 2356 3027 ,
2410 2947 2536 3010 ess'e
2589 2951 3037 3032 parazonium
3124 2946 3339 3012 existi·

1832 3047 2006 3111 mari
2054 3045 2283 3131 possit.
2387 3041 2526 3105 Cur
2554 3040 2723 3106 istud
2761 3056 2958 3128 neget
3000 3041 3338 3122 Iobertus,
3443 3089 3454 3096 =

1774 3171 1785 3182 ·
1829 3144 2029 3206 unica
2068 3141 2171 3206 illi
2202 3139 2383 3202 ratio
2427 3135 2556 3215 est,
2610 3138 2772 3222 quia
2814 3137 3011 3224 saepe
3048 3156 3182 3201 non
3217 3140 3336 3201 ad·

1825 3236 2038 3304 fixum
2076 3235 2311 3314 lateri,
2363 3232 2547 3316 quod
2593 3232 3000 3316 oportebat,
3051 3232 3163 3296 sed
3199 3245 3339 3298 tra-

1826 3333 2000 3396 ctari
2039 3328 2349 3394 manibus
2389 3326 2869 3413 conspicimus,
2921 3348 2988 3394 V.
3007 3347 3067 3391 c.
3110 3329 3180 3392 in
3217 3349 3334 3395 nu.

1826 3431 1958 3490 mis
1995 3424 2447 3512 praesentibus
2493 3441 2536 3484 a
2567 3422 2871 3503 Virtute,
2921 3434 2988 3484 et
3022 3421 3332 3506 frequen·

1822 3535 1927 3587 ter
1956 3542 2009 3583 -a
2041 3521 2173 3583 dea
2203 3519 2431 3582 Roma
2471 3518 2540 3580 in
2577 3518 2799 3579 numis
2837 3515 3060 3579 obviis
3108 3519 3332 3582 Nero-

1820 3617 1950 3696 nis,
2000 3628 2129 3680 etc.
2229 3619 2317 3677 At
2346 3614 2521 3698 enim
2556 3610 2600 3673 fi
2633 3612 2891 3675 alienus
2923 3611 3084 3675 situs
3108 3611 3332 3678 locus·

1822 3733 1909 3776 ve
1944 3727 2091 3773 rem
2136 3720 2391 3784 mutat,
2443 3705 2614 3770 nihil
2650 3703 2832 3769 obest
2859 3753 2881 3784 ‚
2933 3727 3068 3789 quo
3108 3710 3332 3774 minus

1804 3787 2133 3870 'dicamus
2162 3821 2479 3887 quoque,
2529 3802 2694 3865 illud
2719 3852 2738 3881 ‚
2791 3805 2973 3885 quod
3013 3803 3330 3871 Libertas

1821 3902 2104 3963 dextera
2155 3895 2483 3983 praefert,
2531 3888 2666 3960 non
2704 3897 2828 3959 esse
2869 3899 3144 3984 pileum,
3165 3903 3328 3983 quia

1818 3996 2043 4058 locum
2100 3992 2285 4054 suum
2336 4010 2469 4052 non
2522 3993 2819 4067 obtinet,
2866 3995 2937 4056 id
2990 3992 3110 4071 est,
3165 3998 3330 4077 quia

234 4106 339 4152 και
375 4107 613 4177 spem-eg·
652 4106 755 4151 και
789 4078 1076 4165 ἁκινακηιι
1090 4081 1602 4168 παραζωννυσθαι,
1653 4087 1733 4147 ii-
1817 4101 2023 4174 caput
2056 4106 2194 4150 non
2223 4087 2425 4169 tegit,
2453 4091 2682 4169 'atque
2715 4087 2956 4150 eodem
2997 4099 3204 4172 pacto
3239 4088 3319 4151 il·
3379 4161 3390 4174 ·

198 4199 429 4262 saras,
482 4192 544 4248 et
579 4193 868 4267 torques,
918 4188 978 4244 et
1020 4183 1320 4254 acinacem
1372 4180 1730 4264 praecinge-
1813 4182 1968 4261 lud,
2021 4183 2207 4265 quod
2242 4181 2311 4243 in
2344 4179 2489 4263 ipso
2532 4182 2664 4242 hoc
2706 4200 2913 4243 numo
2944 4182 3172 4245 Virtus
3204 4202 3319 4267 pe-

226 4296 314 4338 re.
414 4284 502 4342 At
556 4280 798 4341 mirum
868 4274 1179 4360 profecto
1209 4322 1230 4353 ,
1314 4273 1749 4337 vocabulum·
1810 4276 2215 4363 depremit,
2268 4295 2403 4338 non
2459 4274 2584 4339 ess‘e
2625 4275 2914 4362 galeam}
3013 4276 3318 4341 Iam-ve-

220 4563 229 4568 ,
289 4512 345 4564 a)
383 4514 607 4568 Scit-nee
637 4506 740 4565 'des
781 4511 933 4574 Med,
970 4514 1040 4567 T.
1080 4515 1124 4567 1.
1161 4536 1221 4589 p.
1259 4526 1383 4583 384.

226 4580 386 4635 vm.
570 4579 636 4650 Δ)
677 4581 739 4633 L.
778 4585 882 4642 lv.
918 4602 977 4656 p.
1020 4587 1135 4654 ηε,
1175 4587 1239 4639 a.

1607 4514 1672 4576 b)
1711 4512 1875 4586 Effay
1908 4513 1983 4567 on
2018 4513 2170 4567 med.
2206 4511 2276 4569 T.
2328 4515 2376 4567 1.
2429 4532 2488 4585 p.
2523 4532 2646 4583 ¹¹95·

1373 4595 1381 4608 '
1415 4583 1464 4649 e)
1496 4579 1576 4660 -de
1609 4581 1835 4670 Exped.
1875 4584 2003 4654 Cyri
2035 4583 2104 4649 L,
2141 4584 2247 4647 lv.
2283 4600 2344 4658 p.
2373 4600 2456 4645 m.
2490 4591 2612 4652 338·

2870 4511 2919 4578 c>
2957 4511 3027 4567 de
3062 4510 3207 4586 Rep,
3244 4516 3314 4573 L,
