4225 5450
820 565 990 625 ‚120³

1998 484 2746 645 AVGVSTVS

688 732 695 741 ’
788 768 797 775 ’
834 760 993 819 rna,
1030 752 1119 805 ἐι
1164 761 1289 826 per
1318 743 1503 808 vices
1536 734 1837 828 graviter
1881 740 2132 807 affecta
2204 755 2343 807 ute-
2423 740 2584 807 fuit.
2681 742 2789 805 De
2832 739 2963 805 hac
3014 739 3213 827 plura
3261 718 3444 804 infra
3477 738 3550 802 in'
3616 741 3770 821 eius*
3813 745 3940 804 nus-

837 850 1025 905 tetur
1059 885 1080 914 ,
1130 839 1223 900 ad
1264 836 1549 901 ferenda
1592 850 1820 901 tamen
1867 840 2140 924 imperii
2187 858 2342 901 one·
2423 838 2577 900 mis.

836 952 920 1005 ra
958 935 1050 995 ad
1088 933 1270 997 vitae
1306 932 1507 996 finem
1544 926 1838 997 duravit.
1936 934 2214 1019 Imperii
2254 932 2346 996 ab

839 1026 1136 1111 Augusto
1220 1030 1555 1110 graviter,
1604 1031 1997 1105 moderate,
2050 1041 2120 1090 et
2189 1049 2344 1091 cum

840 1122 1057 1185 multa
1096 1123 1341 1206 prioris
1379 1123 1712 1187 libertatis
1770 1124 1987 1207 specie
2049 1124 2347 1195 admini-

841 1214 1026 1279 strati
1080 1229 1221 1278 tum
1254 1217 1583 1311 primum
1626 1219 1851 1281 Roma
1907 1238 2197 1303 purum,
2267 1238 2350 1282 ac

830 1309 1160 1377 fincerum
1197 1300 1639 1375 testimonium
1661 1312 2019 1396 praestitit,
2070 1333 2224 1376 cum
2260 1313 2353 1375 se-

834 1406 944 1469 rio
979 1405 1255 1469 subinde
1298 1408 1740 1484 edoceretur,
1792 1421 2115 1490 quantum
2176 1409 2366 1472 inter

837 1498 1035 1579 hujus
1083 1503 1405 1582 virtutes,
1475 1521 1560 1564 ac
1610 1501 2045 1584 successorum
2103 1502 2347 1566 abnor-

833 1595 982 1657 mia
1007 1598 1204 1671 vitia,
1254 1596 1602 1678 vitamque
1621 1594 1934 1661 nefandis
1968 1597 2347 1681 quibusque

837 1687 1199 1752 sceleribus
1236 1703 1635 1775 coopertam
1665 1689 2034 1757 interess'et..

938 1788 1263 1848 onresz·

793 1936 803 1949 ,
937 1879 993 1941 Ῑ.
1046 1877 1487 1947 SERVILIA.
1538 1881 1616 1945 P.
1668 1880 1937 1946 Servilii
1964 1880 2240 1948 Isaurici
2272 1882 2346 1949 fi·

2426 1025 2734 1185 nmNumi
2771 1025 2936 1091 certi
2985 977 3304 1109 postremi
3341 977 3554 1107 *hujus
3599 1020 3766 1088 ⁴anni
3821 1023 3946 1086 de·-

2544 1133 2575 1184 t

2480 1310 2808 1381 NVMI
2913 1306 3470 1379 AVGVSTI
3568 1306 3950 1383 VAGI.,

2720 1500 3090 1567 CAESAR.
3154 1495 3657 1567 AVGVSTVS.
3742 1497 3944 1584 eaput

2712 1601 2898 1662 vario
2933 1600 3116 1662 cuttu.
3424 1665 3449 1695 ἢ

2425 1692 2722 1758 DIVVS.
2762 1691 3084 1757 IVLIVS.
3109 1689 3300 1756 Stena
3325 1692 3569 1757 crinita.
3613 1692 3769 1763 AY.
3785 1691 3948 1755 AR..

2428 1787 2776 1872 (Metelli,
2827 1786 3002 1850 Mus.
3041 1785 3255 1866 Caes.)

2521 1880 2852 1945 Aversam
2914 1883 3331 1967 explicatam
3380 1880 3542 1947 vide
3589 1879 3663 1942 in
3711 1872 3938 1945 numia

818 1975 976 2050 jis,
1027 1974 1139 2037 sed
1185 1994 1389 2056 quam
1432 1975 1739 2060 sponsam
1786 1989 2047 2060 tantum
2106 1979 2349 2043 habuit
2424 1977 2517 2045 D.
2552 1977 2742 2042 Iulii..

748 2106 755 2119 ι
802 2086 809 2095 ’
843 2071 935 2135 ad
972 2069 1241 2153 nuptias
1281 2089 1431 2133 cum
1473 2071 1785 2154 sequente
1822 2088 2124 2141 coactus.

2721 2071 2920 2156 Caput
2949 2074 3134 2136 vario
3165 2075 3352 2137 cultu.

824 2206 835 2217 -
937 2165 1023 2230 II.
1078 2162 1532 2244 CLAVDIA,
1581 2169 1658 2234 P.
1729 2167 1952 2232 Clodii
1990 2191 2035 2233 a
2081 2172 2343 2236 Milone
2422 2164 2922 2231 AVGVSTVS.
2986 2167 3405 2251 Capricormu·
3450 2158 3707 2248 globum
3761 2159 3944 2244 pedi·

833 2257 1177 2327 interfecti
1214 2283 1297 2324 ex
1336 2214 1580 2327 Fulvia
1620 2262 1785 2347 filia,
1836 2285 2042 2348 quam
2080 2269 2181 2331 M.
2213 2273 2342 2331 An·
2424 2263 2541 2327 bus
2555 2264 2858 2351 stringit,
2894 2265 3100 2348 Juxta
3135 2260 3659 2347 gubernaculum,
3706 2255 3931 2341 super·

834 2359 1030 2421 tonio
1071 2354 1219 2440 post
1251 2355 1501 2421 bellum
1537 2361 1908 2424 Mutinense
1942 2362 2340 2426 conciliatus
2419 2379 2497 2422 ne
2537 2360 2959 2441 cornucopiae.
3057 2361 3204 2420 AV.
3244 2358 3391 2418 AR.
3443 2351 3646 2439 (Mus.
3713 2346 3942 2432 Caes)

833 2453 1131 2521 militum
1158 2452 1439 2519 hortatu
1474 2454 1692 2531 duxit,
1744 2466 1818 2516 ut
1850 2457 2143 2518 arctiore
2175 2460 2349 2519 uter·-

837 2568 972 2632 que
1006 2549 1280 2612 vinculo
1333 2551 1861 2631 conjungeretur.

832 2641 1011 2707 haec
1046 2641 1337 2705 Claudia
1374 2644 1651 2705 Antonii
1689 2642 2002 2726 privigna
2044 2663 2168 2728 per
2193 2642 2348 2706 Ful-

812 2738 1070 2813 .viain‚
1123 2756 1300 2819 quae
1338 2738 1533 2800 caeso
1570 2735 1815 2800 Clodio
1854 2738 2098 2800 deinde
2141 2745 2350 2801 Anto-

833 2832 955 2895 nio
1000 2841 1221 2915 nupta.
1250 2827 1398 2895 fuit.
1496 2834 1750 2895 Verum
1796 2844 1951 2895 orta
1979 2831 2162 2897 baud
2183 2832 2346 2897 mul·

833 2936 913 2988 to
948 2922 1093 3008 post
1147 2943 1298 2987 cum
1348 2924 1596 2989 Fulvia
1646 2925 1976 2991 simultate
2028 2928 2346 2993 Clodiam

834 3019 1168 3086 intactam
1192 3066 1212 3096 ,
1263 3032 1339 3083 ut
1370 3020 1642 3099 jurabat
1665 3067 1695 3099 ,,
1737 3025 1942 3087 matri
1980 3024 2247 3088 remisit.

934 3116 1060 3179 111.
1113 3115 1597 3180 SCRIBONIA
1619 3164 1639 3194 ,
1692 3140 1898 3203 quam
1931 3120 2127 3184 duxit
2160 3123 2242 3186 V.
2265 3117 2342 3184 C.

839 3224 1025 3293 714,
1076 3211 1343 3276 ut·Sex.
1382 3212 1820 3299 Pompejum‚
1872 3236 2068 3298 quem
2103 3217 2172 3278 in
2196 3213 2345 3278 suas

838 3306 1163 3370 adversus
1196 3309 1563 3371 Antonium
1601 3322 1831 3394 partes
1866 3310 2140 3374 trahere
2202 3323 2345 3372 tum

843 3398 1174 3482 studebat,
1224 3402 1343 3466 fibi
1363 3405 1778 3468 conciliaret.
1877 3405 2140 3469 Habuit
2170 3408 2347 3468 enim

836 3496 1203 3582 Pompeius
1252 3518 1553 3563 uxorem·
1608 3499 2032 3565 Scriboniam
2098 3503 2348 3587 prioris

826 3591 1236 3658 ·Scriboniae
1257 3607 1546 3679 neptem.
1647 3596 1817 3659 Eam
1840 3596 1985 3681 post
2007 3597 2346 3660 biennium

835 3689 1275 3771 repudiavit,
1325 3691 1437 3753 sen
1470 3693 1655 3773 quod
1709 3696 1851 3772 ejus
1911 3712 2156 3756 mores·
2197 3710 2348 3776 per

839 3783 1062 3846 taesus
1102 3784 1283 3861 ess'et,
1333 3797 1415 3848 ut·
1438 3786 1586 3869 ipse
1609 3784 1895 3865 ferebat,
1946 3790 2057 3852 seu
2096 3789 2362 3870 verius,

844 3879 1030 3961 quod
1075 3880 1429 3965 desperata
1494 3898 1663 3943 cumr
1730 3883 2055 3968 Pompeio
2135 3902 2348 3968 pace,

840 3972 1837 4062 sublataqueconnubiilcausa
1882 3979 2201 4063 deinceps
2236 3980 2352 4040 uni

841 4069 960 4132 suo
1027 4067 1328 4140 adfectui
1364 4071 1646 4134 indulfit.
1767 4072 2015 4138 Filiam
2077 4092 2166 4136 ex
2220 4071 2352 4135 hac

838 4165 1193 4230 IVLIAM.
1210 4165 1453 4230 habuit
1478 4215 1498 4246 ‚
1551 4168 1635 4230 de
1677 4188 1827 4252 quar.
1860 4167 2045 4232 infra
2090 4169 2166 4231 in
2209 4171 2348 4249 eius

839 4280 1089 4324 numm.

934 4357 1055 4423 IV.
1110 4357 1404 4436 LIVIA,
1456 4378 1631 4442 quae
1676 4358 1924 4422 marito
1955 4360 2071 4422 diu
2131 4359 2350 4443 super,-

912 4562 971 4626 ο.)
1011 4561 1453 4639 Murelli21mpp.
1490 4585 1549 4638 p.
1588 4582 1709 4633 23-2.

1996 2551 2208 2612 Nam*
2220 2550 2359 2624 fuit·

2430 2454 2580 2516 AR.
2640 2473 2825 2516 max.
2857 2454 3046 2517 mod.
3083 2451 3442 2537 (Morelli.)

2529 2548 2635 2609 De
2696 2549 3099 2631 capricorno
3178 2543 3448 2629 Augusti
3510 2541 3943 2628 genethliaco

2431 2641 2592 2703 vide
2633 2641 2822 2705 dicta
2866 2646 2955 2705 ad
3001 2660 3252 2705 annum
3305 2651 3477 2721 743.⁴
3581 2640 3658 2700 ln
3713 2639 3954 2701 numis-

2431 2734 2750 2800 fimilibus
2795 2738 2885 2800 ad
2952 2722 3326 2822 principem
3375 2735 3760 2819 capricorni
3835 2746 3941 2816 ty-

2426 2850 2589 2914 pum
2628 2833 2966 2896 adduntur
2990 2835 3188 2896 varia
3223 2829 3366 2894 alia
3384 2826 3734 2905 attributa,
3761 2847 3942 2913 quae

2426 2925 2684 2990 videsis
2714 2930 2899 3012 apud
2935 2927 3325 2991 Mor-ellium
3368 2924 3511 2986 tab.
3556 2924 3736 2986 XVI.

2719 3021 3090 3088 CAESAR.
3128 3021 3329 3106 Caput
3367 3018 3617 3086 udam.
3799 3021 3803 3026 ’

2425 3115 2923 3184 AVGVSTVS.
2941 3124 3081 3185 Bos
3102 3118 3432 3204 gradiens,
3481 3117 3550 3178 in
3576 3113 3720 3180 aliis
3725 3114 3944 3202 flaue-

2425 3215 2576 3281 Av.
2626 3215 2775 3276 AR.
2840 3215 3035 3288 (Mus.
3081 3212 3304 3294 Caes.)

2713 3303 3212 3375 AVGVSII'VS.
3268 3308 3468 3390 Caput
3511 3302 3770 3368 nudum.

2429 3401 2681 3489 Sphinx
2689 3403 2928 3490 sedens».
3029 3407 3175 3467 A-v.
3240 3401 3444 3487 (Mur.
3494 3399 3721 3481 caes.)
3791 3402 3943 3465 AR.

2429 3521 2613 3578 max.
2654 3501 2838 3566 mod.
2874 3500 3074 3576 (Mus.
3120 3497 3355 3575 Caes.)-

2527 3594 2940 3678 Schlegelius
2969 3595 3264 3680 Sphinge
3279 3600 3661 3680 Aegyptum
3679 3637 3700 3670 ,
3756 3594 3952 3673 cujus

2428 3689 2598 3752 illud
2627 3688 2885 3751 animal
2916 3690 3041 3753 ess'e
3073 3689 3454 3772 symbolum
3482 3689 3781 3764 videtur,
3789 3685 3955 3772 post

2433 3784 2609 3847 alios
2647 3783 2933 3848 indicari
2970 3784 3319 3849 existimat.
3372 3782 3436 3865 ⁸)
3532 3788 3623 3846 At
3665 3782 3710 3844 fi
3745 3782 3953 3862 istud,

2436 3899 2555 3942 our
2589 3879 2831 3958 eadem
2876 3879 3135 3964 Sphinx
3173 3879 3401 3941 visitur
3435 3879 3639 3942 etiam
3712 3877 3787 3940 in
3837 3895 3958 3942 nu-

2433 3976 2578 4037 mis
2586 3953 2915 4057 inscriptis
2949 3976 3392 4039 ARMENIA.
3423 3972 3783 4036 CAPTA?
3819 3957 3958 4042 La-

2433 4072 2587 4133 tius
2607 4068 2810 4154 igitur
2852 4071 2994 4150 ejus
3041 4070 3358 4133 animalis
3397 4066 3798 4152 significatio
3827 4089 3960 4153 pa-

2432 4177 2572 4243 tet,
2623 4166 2709 4228 de
2745 4183 2882 4245 qua
2911 4165 3134 4253 supra.
3166 4167 3276 4231 ad
3316 4181 3567 4230 annum
3618 4177 3768 4247 734
3833 4166 3961 4229 ati·

2432 4280 2571 4344 qua
2609 4263 3006 4327 memoravi.
