4225 5450
1410 706 1415 713 ἱ
1546 595 2292 677 AvasTvs
2907 648 2912 653 .
3097 558 3116 583 ’
3325 564 3562 691 ῃι’

340 795 757 875 ‚Ascalonis‚
806 812 874 863 et
939 797 1171 863 Gazae
1229 800 1523 863 Iudaeae
1609 798 1895 863 urbium

338 895 674 972 observo,
730 894 937 957 solum
974 913 1219 958 nomen
1246 895 1725 960 ΣΕΒΑΣὙῸΤ
1758 894 1874 956 da-

356 993 419 1053 ri
452 991 604 1053 aliis
642 990 850 1052 etiam
885 990 1452 1075 imperatoribuS,
1506 989 1708 1073 idque
1767 1007 1874 1052 us·

365 1104 493 1166 que
530 1085 621 1146 ad
667 1085 1115 1147 Hadrianum.
1215 1085 1348 1146 Pro
1391 1082 1657 1148 Graeco
1721 1085 1873 1148 ΣΕ-

362 1180 731 1243 ΒΛΣΤΟΣ
784 1198 917 1241 non
986 1199 1145 1245 tato
1195 1181 1470 1263 ponitur
1552 1180 1872 1243 ΛΤΓΟΤ-

298 1337 311 1347 ,
362 1274 660 1351 ΣΤΟΣ,
711 1275 1075 1360 praecipue
1107 1258 1174 1337 in
1229 1276 1448 1337 numis
1486 1273 1871 1337 inclinantis

360 1368 653 1454 imperii.

460 1464 725 1527 Numos
766 1463 1261 1528 Alexandrinos
1299 1464 1460 1528 vide
1513 1464 1583 1528 in
1639 1482 1870 1528 mone-

365 1569 441 1622 ta
474 1561 792 1645 Aegypti.

460 1749 666 1814 Numa·
713 1750 940 1816 Graeci
967 1750 1146 1817 urbis
1179 1801 1199 1835 ,
1248 1751 1345 1817 ve!
1366 1754 1642 1839 regionis
1678 1753 1771 1815 in·

1002 1858 1222 1913 certae.

655 2037 930 2100 ΚΛΙΣΑ
944 2039 1116 2103 ΡΟΣ
1157 2040 1333 2103 intra
1378 2039 1676 2104 lauream.

363 2131 882 2205 ΣΕΒΑΣΤΟΤ.
930 2135 1082 2198 Ara
1135 2138 1304 2198 inter
1348 2138 1505 2200 duos
1544 2134 1714 2199 laura·
1763 2151 1869 2197 ra·

364 2247 523 2290 mos.
575 2227 723 2292 ΑΕ.
762 2231 873 2293 111.
910 2229 1112 2313 (Mur.
1160 2228 1342 2292 Caes.
1395 2229 1670 2311 Moreili
1721 2227 1869 2296 tab.

364 2319 678 2401 vauQ

464 2414 600 2497 Qui
645 2417 1103 2502 Havercampi
1144 2419 1549 2482 auctoritate
1585 2418 1703 2480 niti
1751 2435 1867 2479 vo-

362 2510 503 2588 let,
552 2530 828 2574 numum
917 2515 1093 2577 hunc
1156 2513 1560 2577 Antiochiae
1629 2512 1870 2595 Syriae

364 2605 638 2671 tribuet.
688 2604 755 2687 ⁸)

658 2704 988 2768 ΚΛΙΣΑΡ
1028 2707 1203 2770 intra
1249 2725 1565 2790 quer-nam.

363 2798 688 2861 ΣΕΒΑΣ.
730 2801 940 2864 Navis
994 2821 1239 2885 prora,
1287 2804 1492 2888 supra
1537 2820 1721 2887 quam
1784 2799 1868 2862 K.

369 2893 519 2957 ΛΕ.
573 2896 678 2956 111.
733 2893 1039 2976 (Morem
1076 2897 1119 2959 l.
1173 2894 1268 2977 c.)

362 2982 371 2990 ’
464 2989 944 3072 Havercampo
1012 2993 1462 3054 indubitatum
1539 2991 1864 3067 videtur,

358 3101 639 3145 numum
695 3084 870 3146 hunc
924 3088 990 3148 in
1052 3085 1353 3170 Corcyra
1408 3085 1748 3170 fignatum.
1802 3073 1866 3165 1’)

356 3177 599 3241 Facile
640 3178 710 3242 in
749 3182 891 3261 ejus
934 3182 1398 3244 descenderem
1433 3181 1818 3244 sententiam
1847 3226 1867 3258 ,

354 3270 411 3335 fi
440 3293 811 3357 prora-non
861 3275 1015 3339 ess'et
1052 3276 1298 3341 obvius
1353 3276 1638 3340 aliarum
1690 3277 1865 3340 urbi·

357 3388 481 3432 um
516 3380 757 3452 typus,
810 3383 877 3433 et
914 3371 1111 3434 litera
1165 3374 1226 3435 K
1264 3391 1395 3436 non
1455 3372 1665 3457 poss'et
1719 3392 1865 3458 per-

354 3465 525 3527 inde
555 3465 740 3528 aliud
782 3464 1183 3550 fignificare,
1235 3479 1303 3530 et
1358 3466 1399 3529 fi
1463 3466 1867 3544 haberemur

280 3591 289 3596 ‘
354 3557 565 3642 hujus
601 3563 845 3624 aetatis
899 3562 1074 3624 alios
1109 3575 1343 3626 certos-
1364 3560 1707 3645 Corcyrae
1752 3583 1865 3625 nu·

354 3673 544 3724 mos,
632 3653 909 3720 ‘lnt'erea
940 3658 1066 3719 viri
1103 3660 1345 3720 eruditi
1373 3658 1703 3740 judicium
1731 3677 1874 3722 non

352 3749 569 3836 plane
608 3753 1093 3835 repudiandum
1128 3754 1418 3817 videtur.

660 3849 1015 3910 ΚΑΙΣΑΡ.
1058 3849 1260 3932 Caput
1322 3852 1696 3914 laureatum.

351 3940 665 4006 ΣΕΒΑΣ
690 3943 734 4004 Γ
743 3944 880 4006 ΟΣ.
938 3942 1159 4021 Luna,
1212 3954 1271 4008 et
1333 3948 1582 4033 astrum.
1663 3941 1889 4028 (Mus.

351 4035 560 4101 Caes.
600 4036 869 4100 Mor-elli
903 4038 945 4100 Ι.
993 4046 1080 4116 c.)
1794 4102 1799 4108 .

458 4131 944 4217 Havercarnpo
985 4133 1092 4198 hio
1137 4126 1378 4197 nuntius
1414 4147 1694 4220 propter
1756 4145 1864 4216 ty·

344 4247 527 4316 pum
575 4226 845 4289 fimilem
880 4230 1285 4311 Byzantium
1334 4230 1720 4293 referendus
1766 4229 1863 4292 vi.-

348 4326 601 4401 detur,
651 4319 710 4402 ⁶)
765 4343 935 4405 quae
986 4325 1304 4414 sententia
1354 4327 1568 4388 minus
1601 4336 1768 4389 tuta.

408 4531 485 4602 ⁴a)
524 4528 601 4583 ad
642 4528 862 4590 Motell,
897 4532 1084 4603 Impp.
1119 4532 1189 4584 T.
1224 4533 1275 4588 1.
1312 4549 1368 4605 p.
1404 4544 1526 4599 437.
1718 4532 1782 4602 b)
1813 4534 1853 4592 l.
1891 4549 1941 4587 ο.

2251 794 2764 887 ΣΕΒΑΣΤΟΣ.
2797 797 3000 884 Caput
3035 797 3286 865 nudum.

1952 892 2313 958 ΚΛΙΣΑΡ.
2411 891 2816 978 Simpulum,
2890 912 3150 971 urceus,
3202 895 3461 983 securis.

1956 989 2102 1054 ΑΕ.
2137 991 2249 1052 111.
2302 987 2502 1065 (Mus.
2544 984 2758 1064 Caes.)

2251 1084 2488 1148 Antica
2529 1084 2786 1147 incerta.

1961 1178 2435 1249 CCBACTOC.
2489 1178 2929 1263 Capricornus.
3029 1180 3174 1248 ΛΕ.
3229 1185 3464 1275 11.111.

1955 1271 2266 1357 (Morelli
2295 1273 2438 1336 tab.
2489 1272 2694 1339 XLII.
2742 1287 2808 1337 et
2845 1272 3153 1357 XLVII.)

2047 1368 2349 1432 Nimium
2383 1368 2540 1454 vagi
2584 1367 2727 1432 sunt
2764 1372 3107 1455 utriusque
3147 1374 3461 1458 numity-

1949 1463 2066 1549 pi,
2122 1466 2284 1548 qnia
2324 1465 2411 1527 ad
2462 1483 2666 1527 unum
2703 1460 3058 1529 Caesarem
3107 1469 3465 1553 pertinent.

2243 1561 2603 1624 ΚΛΙΣΛΡ.
2676 1559 3192 1629 ΣΕΒΛΣΤΟΣ.
3258 1565 3461 1648 Caput

2239 1659 2487 1720 nudum.

1952 1753 2357 1821 ΠΛΑΤΩΝ.
2449 1750 2648 1841 Caput!
2725 1751 3017 1819 Platonis
3097 1750 3461 1841 philosophi.

2046 1942 2157 2006 Est
2195 1942 2380 2027 apud
2418 1941 2805 2004 Morelliurn
2835 1943 2976 2007 tab.
3014 1943 3189 2011 XLI.
3223 1965 3287 2009 n.
3325 1964 3413 2029 25
3439 1992 3459 2025 ‚

1950 2042 2017 2104 in
2061 2037 2507 2101 Miscellaneis
2552 2036 2786 2120 Sponii
2829 2057 2893 2121 p.
2931 2052 3060 2116 140
3088 2086 3109 2117 ,
3158 2041 3457 2128 inSpan·

1949 2135 2159 2197 hernii
2198 2131 2410 2197 Caess'.
2453 2131 2698 2193 Iuliani
2730 2152 2800 2215 p.
2846 2135 2909 2196 6.
3029 2135 3203 2198 Eum
3252 2139 3460 2200 etiarn

1948 2229 2230 2292 Patinus
2271 2226 2577 2312 [iugulari
2611 2226 3060 2292 dissertatione
3079 2227 3460 2309 illustravit,

1951 2343 2127 2406 quae
2165 2320 2376 2384 exstat
2413 2323 2482 2383 in
2521 2317 2853 2384 Gronovii
2929 2324 3154 2408 Antiq.
3218 2321 3461 2388 Graec.

1950 2420 2180 2481 Tomo
2220 2418 2373 2498 IX„
2425 2415 2468 2477 [i
2506 2416 2713 2478 modo
2754 2415 3074 2480 illustrare
3128 2415 3256 2495 est,
3306 2418 3457 2481 Pla·

1950 2513 2129 2576 tonis
2181 2513 2390 2574 vitam
2419 2557 2438 2587 ,
2487 2509 2817 2591 instituta,
2867 2524 3235 2597 praecepta
3274 2531 3460 2576 reco-

1953 2627 2195 2692 quere,
2275 2605 2459 2669 nulla
2519 2603 2709 2671 facta
2785 2608 3127 2670 mentione
3183 2626 3415 2670 eorum
3438 2654 3459 2686 ,

1955 2722 2132 2788 quae
2171 2701 2261 2766 ad
2298 2712 2570 2766 numum
2607 2700 2865 2787 ipsum,
2917 2706 3188 2788 ejusque
3231 2701 3461 2770 verifi-

1951 2799 2180 2864 milem
2220 2799 2512 2884 patriam
2548 2800 2924 2881 pertinent.

2233 2894 2472 2959 Amica
2505 2896 2763 2960 incerta.

1950 2991 2310 3057 ΚΑῙΣΑΡ.
2367 2989 2698 3074 Templum
2702 2989 3037 3056 rotundam
3070 3001 3341 3077 quatuor
3363 3013 3459 3058 co-

1906 3131 1922 3145 .
1948 3087 2337 3161 lumnam,
2385 3087 2562 3148 intra
2608 3088 2773 3171 quaa
2821 3073 3031 3173 aqicita
3085 3086 3456 3172 legionaria-

1949 3183 2091 3246 AE.
2148 3186 2229 3245 ll.
2285 3132 2600 3265 (Morem
2631 3180 2774 3244 tab.
2818 3182 3028 3246 XLII.
3064 3203 3132 3246 n.
3179 3181 3288 3266 7.)

1946 3337 1955 3346 ,
2044 3277 2411 3362 Templum
2452 3272 2536 3336 est
2574 3275 2818 3338 Martis
2862 3279 3144 3342 Vltoris.
3276 3276 3459 3343 Satis

1947 3372 2061 3439 vel
2106 3393 2193 3436 ex
2239 3372 2371 3434 hoc
2407 3390 2613 3432 numo
2651 3386 2960 3455 apparet,
3013 3373 3213 3436 urbes
3250 3369 3457 3437 Grae-

1950 3469 2320 3532 cas.etiam
2371 3466 2559 3550 typis
2622 3467 2952 3535 Romanis
3038 3469 3109 3533 in
3182 3480 3476 3535 moneta-

1948 3562 2067 3628 sua
2117 3561 2296 3627 usae.

2188 3741 2390 3822 Num}
2419 3751 2795 3820 colom’amm
2830 3757 3227 3828 incertas-mn.

2247 3941 2448 4028 Caput
2485 3944 2756 4034 Augusti
2804 3948 3050 4015 mum.

1948 4037 2048 4100 Μ.
2082 4033 2288 4103 ΕΘΝ.
2334 4038 2421 4120 Q.
2466 4039 2676 4105 OCT.
2719 4043 2962 4110 IIVIR.
3022 4046 3084 4108 S.
3131 4045 3212 4110 P.
3262 4045 3327 4111 S.
3363 4044 3441 4111 C·

1943 4136 2855 4213 intracoronomfAE.11
2928 4142 3237 4226 (Metelli
3305 4140 3455 4207 tab.

1946 4228 2295 4311 XXXIII.)

2045 4325 2323 4389 Exstant
2359 4325 2565 4389 etiam
2609 4327 3090 4394 numi.Tiberii
3128 4348 3278 4418 enm
3309 4331 3453 4397 lite-

2132 4534 2180 4586 οἱ
2216 4534 2254 4590 1.
2290 4552 2336 4590 e.

2915 4614 3068 4680 Re
