4225 5450
808 557 945 610 212

1525 529 2273 611 ·AGRIPP1NA
2371 526 3180 611 GERMANICL-

2077 824 2656 896 PRETIVM.

1007 1015 1255 1093 Aurei,
1311 1024 1382 1078 et
1430 1014 1732 1099 argentei

1007 1113 1220 1175 Aenei
1271 1112 1321 1174 Ι.
1372 1122 1442 1173 et
1486 1109 1608 1176 111.
1656 1107 1926 1175 formae
1974 1053 2412 1177 commatis
2388 1112 2471 1176 R.

1002 1206 1219 1270 Aenei
1265 1206 1355 1272 11.
1403 1202 1671 1268 formae

1002 1302 1219 1369 Aenei
1265 1302 1533 1369 urbium
1580 1299 1990 1388 liberarum,
2038 1314 2111 1368 et
2159 1302 2586 1369 coloniarum

1628 1588 2300 1659 AGRIPPINA

909 1781 1094 1846 Nata
1131 1781 1227 1845 Μ.
1268 1779 1613 1864 Agrippa,
1686 1791 1757 1843 et
1805 1781 1981 1846 Iulia
2047 1782 2320 1869 Augusti

810 1876 997 1956 filia,
1045 1887 1258 1962 nupta
1297 1872 1572 1938 subinde
1614 1871 2023 1942 Germanico
2049 1924 2068 1955 ,
2122 1880 2317 1964 eique

810 1984 1093 2058 propter
1126 1971 1329 2035 fidem
1361 2015 1380 2048 ,
1431 1970 1872 2055 pudicitiam,
1923 1984 2128 2056 atque
2175 1976 2314 2038 ani-

811 2087 997 2132 mum
1041 2069 1195 2153 plus
1232 2084 1439 2149 quam
1471 2065 1541 2129 in
1578 2063 1839 2131 femina
1900 2069 2317 2154 intrepidum

810 2162 1144 2249 inligniter
1183 2160 1483 2246 probata
1526 2157 1679 2227 fuit.
1792 2161 2053 2226 Labem
2109 2167 2318 2230 tantia

807 2257 1170 2326 virtutibus
1190 2256 1522 2340 aspersere
1547 2257 1918 2321 aemulatio
1945 2259 2320 2344 muliebris,

807 2368 1016 2437 atque
1050 2353 1392 2438 ingenium
1427 2350 1627 2415 ferox
1650 2399 1670 2429 ,
1722 2352 1833 2415 nifi
1876 2354 2187 2418 excusent
2217 2354 2314 2420 fe·

809 2451 1064 2517 minam
1104 2468 1187 2512 eo
1221 2448 1377 2512 loco
1418 2459 1678 2530 natam,
1732 2459 1802 2509 et
1849 2448 2185 2513 consciam
2221 2453 2320 2516 vi·

807 2558 925 2610 tae
966 2543 1185 2628 caste,
1237 2556 1309 2611 et
1353 2546 1612 2626 integre
1671 2554 1904 2620 actae,
1957 2545 2146 2628 quod
2201 2548 2319 2609 ad·

807 2641 1070 2707 versum
1117 2638 1605 2724 impurissimae
1652 2636 1966 2721 Tiberii,
2014 2651 2086 2701 et
2136 2640 2320 2703 Livi·

810 2758 892 2801 ae
929 2736 1470 2815 criminationes,
1521 2743 1590 2793 et
1619 2730 1985 2798 Plancinae
2016 2735 2320 2802 mulieris

806 2828 1424 2913 impudentissimae
1457 2826 1735 2907 injurias
1781 2826 2050 2920 sumpfit
2089 2828 2316 2912 super.

806 2925 995 2988 biam
1033 2920 1399 3007 quael'itam
1442 2921 1719 2986 meritis.
1838 2921 2312 2988 Rebellantem

808 3019 926 3086 sub
960 3015 1226 3103 Augusti
1264 3030 1553 3102 mortem
1605 3020 1973 3081 exercitum
2033 3017 2313 3083 Germa·

809 3103 1032 3177 nicum
1073 3111 1189 3174 sua
1239 3129 1509 3195 quoque
1546 3116 1951 3180 auctoritate
1976 3161 1996 3191 ,
2049 3133 2132 3179 ac
2167 3129 2321 3199 pre-'

806 3208 998 3276 cibus
1035 3208 1354 3272 coercuit.
1454 3210 1539 3275 V.
1585 3204 1661 3270 C.
1708 3226 1845 3290 770
1887 3210 2206 3272 maritum
2246 3211 2316 3274 in

806 3304 1153 3369 Orientem
1173 3301 1560 3418 consectate
1588 3300 1764 3366 testis
1806 3302 1941 3368 fuit
1980 3303 2314 3369 atrocissi-

808 3418 1073 3464 marum
1104 3399 1521 3479 injuriarum,
1560 3416 1728 3479 quas
1763 3396 2172 3465 Germanico
2194 3399 2311 3468 suo

808 3495 930 3559 Cn.
966 3494 1120 3558 Piso
1152 3492 1394 3577 Syriae
1435 3490 1722 3578 praeseS,
1771 3493 1886 3556 fibi
1917 3514 2081 3559 vcro
2115 3496 2312 3579 hujus

804 3610 981 3655 uxor
1017 3589 1382 3668 Plancina,
1435 3600 1715 3669 uterque
1758 3587 1947 3654 haud
1981 3591 2185 3654 dubie
2220 3590 2312 3656 ab

794 3682 1111 3772 Augustis
1155 3683 1590 3768 subornatus,
1641 3683 2045 3764 intulerunt,
2110 3687 2312 3750 vidit·

801 3801 934 3866 que
966 3761 1241 3843 biennio
1278 3776 1429 3865 post
1473 3779 1881 3866 propinate,
1952 3794 2028 3845 ut
2084 3784 2314 3846 crede·

801 3876 1051 3951 batur,
1104 3873 1193 3937 ab
1246 3872 1381 3937 hoc
1423 3892 1684 3937 veneno
1721 3875 2038 3939 maritum
2125 3877 2311 3940 suum

799 3970 1215 4036 ειὲίὶὶιιοιιιιιι.
1316 3966 1636 4031 Collectis
1702 3968 2094 4035 Germanici
2135 3972 2309 4036 cine·

798 4066 990 4130 ribus
1024 4065 1322 4127 Romam
1360 4082 1537 4138 „cum
1619 4061 1849 4128 liberis
1936 4080 2313 4151 properat,

797 4161 1020 4247 iisque
1059 4154 1328 4245 Augusti
1378 4155 1640 4222 tumn-lo
1694 4158 1904 4226 alatis
1956 4160 2099 4224 sola
2154 4162 2313 4225 edu·

801 4257 1040 4320 candia
1064 4252 1305 4318 liberis
1336 4266 1564 4317 vacat.
1667 4258 1758 4317 At
1823 4274 1990 4320 vero
2039 4254 2312 4321 Tiberi·

776 4370 919 4413 .um
965 4350 1225 4434 alioqui
1272 4347 1362 4412 ab
1403 4349 1468 4411 fe
1518 4348 1815 4413 alienum
1876 4364 2160 4438 propter
2215 4351 2313 4415 su-

3477 902 3569 1371 ³5:920x

2347 1553 2357 1559 ’
2399 1591 2609 1660 GER
2631 1592 2937 1661 ΜΛΝ]
2959 1590 3084 1659 σι.

2396 1783 2763 1869 spicionem
2796 1783 3081 1860 veneni,
3134 1781 3320 1868 quod
3351 1781 3439 1845 ab
3471 1800 3556 1844 eo
3593 1779 3726 1844 fibi
3749 1800 3908 1868 1¹⁰¹·

2398 1891 2657 1945 rectum
2677 1879 3034 1963 mapalam
3065 1877 3449 1955 metuebat,
3520 1878 3742 1961 magis
3793 1878 3910 1940 ad·

2397 1974 2662 2039 versum
2697 1976 2760 2039 se
2800 1975 3055 2050 irritat,
3109 1975 3224 2057 qui
3256 1972 3446 2036 illam
3498 1971 3654 2035 aliis
3706 1990 3905 2057 prae

2398 2080 2587 2133 terea
2620 2070 2830 2134 illatis
2869 2069 3078 2133 caulis
3109 2069 3395 2143 vinciri,
3449 2079 3520 2130 et
3555 2067 3823 2131 excnss'o
3863 2086 3910 2131 a

2399 2167 2787 2229 centurione
2829 2164 3046 2250 ι,οιτιιῑο
3118 2169 3357 2246 (usque
3435 2162 3616 2226 adeo
3673 2174 3912 2227 contra

2397 2260 2538 2325 vim
2567 2261 2835 2325 obnixa
2881 2259 3060 2343 erat)
3109 2260 3177 2322 in
3221 2257 3712 2321 Pandatariam
3759 2257 3909 2336 ejici

2396 2354 2582 2435 iussit
2613 2360 2696 2421 V.
2733 2353 2807 2421 C,
2851 2368 3030 2438 783⁸
3107 2353 3210 2416 Ea
3250 2354 3320 2414 in
3358 2351 3571 2415 insula
3611 2352 3905 2415 triennio

2398 2448 2545 2534 post
2578 2453 2660 2513 V.
2698 2449 2775 2513 C.
2808 2453 2948 2530 786
2977 2449 3084 2512 seu
3105 2448 3500 2529 voluntate,
3549 2448 3660 2510 l'eu
3705 2465 3902 2531 nega-

2397 2546 2488 2608 tis
2518 2546 2858 2613 alimentis
2901 2545 3082 2607 diem
3147 2543 3295 2607 obit
3332 2543 3478 2605 XV.
3549 2541 3705 2604 Kal.
3766 2542 3901 2604 No-

2398 2641 2751 2719 vembres,
2805 2640 3047 2702 eodem
3085 2639 3195 2701 die
3216 2688 3240 2722 ,
3294 2656 3427 2722 quo
3459 2649 3616 2701 ante
3650 2635 3903 2700 bienni-

2398 2754 2512 2795 um
2552 2735 2854 2817 sejanum.
2947 2737 3113 2817 Ejus
3152 2735 3391 2798 audita
3435 2745 3656 2797 morte
3687 2732 3906 2797 Tibe-

2397 2829 2534 2891 rius
2613 2827 2899 2910 jactavit
2947 2830 3381 2892 clementiam
3465 2828 3694 2905 suam,
3743 2826 3908 2913 qnod

2392 2941 2521 2988 non
2555 2923 2768 3010 laqueo
2774 2925 3185 3009 strangulata
3207 2970 3228 3005 ,
3278 2945 3466 3010 neque
3504 2928 3576 2992 in
3603 2926 3905 2990 Gnouton&

2394 3041 2471 3086 as
2506 3019 2742 3104 abjecta
2758 3020 2958 3105 foret.
3009 3017 3073 3101 ²)
3128 3020 3312 3082 Tam
3347 3019 3601 3083 *acerbe
3623 3030 3901 3102 praeter

2396 3135 2595 3178 omne
2632 3114 2741 3178 fas
2793 3114 3071 3179 habitae
3108 3114 3508 3178 memoriam
3543 3113 3720 3177 fliius
3773 3110 3898 3176 Ca·

2392 3210 2603 3293 ligula
2643 3210 2932 3295 imperio
2971 3211 3288 3275 admotus
3338 3210 3661 3274 continuo
3730 3205 3900 3274 resti·

2394 3305 2564 3384 tuit,
2617 3317 2690 3370 ut
2739 3323 2904 3374 mox
2946 3304 3358 3371 videbimus.

3012 3496 3307 3563 Numi:

2485 3687 2582 3751 Hi
2605 3707 2857 3754 omnes
2913 3684 3056 3773 post
3097 3689 3239 3771 ejus
3274 3696 3558 3749 mortem
3593 3703 3638 3747 a
3667 3684 3903 3770 proxi·

2395 3784 2522 3848 mis
2559 3784 2829 3849 Tiberii
2866 3782 3339 3847 success'oribus
3367 3781 3600 3865 [ignati
3641 3779 3808 3845 sunt.

2679 3876 3199 3947 AGRIPPINA.
3239 3877 3465 3942 MAT.
3515 3873 3591 3939 C.
3657 3874 3900 3944 CAES.

2687 3973 2897 4040 AVG.
2945 3971 3225 4038 GERM.
3313 3973 3517 4056 Caput
3585 3972 3908 4056 Agrippi-

2397 4161 2475 4231 c
2528 4160 2908 4230 CAESAR.
2934 4161 3149 4250 AvG
3185 4160 3483 4245 GERM.
3517 4162 3594 4228 P
3625 4161 3731 4224 M.
3753 4141 3922 4227 ‘m‘

2396 4258 2606 4324 ΡΟΤ.
2646 4265 2713 4326 in
2745 4263 2932 4327 aliis.-
2983 4258 3060 4323 C.
3085 4257 3455 4321 CAESAR.
3474 4253 3682 4320 AvG.
3695 4254 3906 4331 PON,

2367 4353 2497 4416 “Μ.
2530 4356 2677 4420 TR.
2718 4358 2928 4422 POT.
2961 4355 3081 4420 111.
3118 4351 3307 4417 COS.
3352 4351 3472 4415 1·.11
3539 4329 3764 4440 θαμά
3785 4351 3907 4416 Ca·

862 4552 931 4620 ι)
965 4549 1144 4603 Tacit.
1180 4550 1243 4607 L.
1284 4549 1389 4610 vl.
1426 4567 1513 4624 25.
