4225 5450
253 743 554 807 noudum
599 749 966 824 comparet.
1069 734 1243 801 Cum
1271 736 1407 802 boo
1426 757 1768 804 marmore

256 830 643 928 conspirant
673 837 877 900 etiam
925 833 1112 896 numi
1147 830 1415 899 Graeci.
1514 835 1767 898 In'mu·

253 932 366 995 seo
400 928 1120 1011 Caesareo,‘alibique
1193 926 1529 992 habentur
1584 930 1768 996 numi

255 1021 696 1091 Alexandrini
728 1047 744 1087 :
1389 1047 1419 1074 ο
1755 1073 1764 1078 .

538 1109 756 1186 ΑτΤ.
797 1120 1164 1185 ΤΡΛιΛΝ.
1246 1117 1429 1185 ten.
1518 1117 1771 1194 ΓΕΡΜ.

547 1217 852 1281 ΔΑΚῙΚ.
900 1214 1106 1300 Caput
1141 1213 1429 1299 Trajani.

225 1313 331 1392 L.
363 1314 473 1379 ῙΖ.
533 1312 727 1395 nnis
772 1311 1000 1377 variis.

354 1411 446 1474 Et
489 1407 644 1472 sane
696 1405 953 1471 nullum
991 1402 1327 1470 habemus
1378 1420 1773 1469 monumen·

255 1517 442 1584 tum,
493 1502 678 1585 quod
719 1519 872 1566 cum
917 1500 1070 1566 trib.
1124 1497 1455 1585 potestate
1501 1499 1715 1565 xvll.
1750 1546 1770 1576 ,

248 1601 364 1670 vel
406 1617 586 1664 anno
624 1596 913 1681 Trajani
958 1596 1174 1661 XVII.
1220 1597 1651 1682 conjungeret
1693 1594 1772 1659 ti-

247 1696 468 1760 tulum
509 1693 846 1760 OPTIMI.
962 1689 1222 1759 Contra
1287 1711 1453 1756 vero
1537 1710 1771 1756 monu-

250 1799 487 1858 menta
526 1779 807 1866 omnia',
860 1805 1037 1869 quae
1088 1786 1203 1852 vel
1272 1787 1561 1868 Traiani
1613 1785 1773 1860 trib.

247 1880 652 1974 potestatem
694 1881 941 1948 XVIII.
978 1883 1362 1968 exprimunt
1389 1927 1409 1959 ‚
1462 1882 1577 1946 vel
1607 1898 1772 1965 quo·

245 1999 399 2045 rum
456 1989 649 2042 aetas
689 1979 759 2041 in
783 1997 957 2046 ,eam
999 1977 1279 2056 incidit,
1331 1976 1652 2043 OPTIMI
1686 1976 1777 2038 ti·

256 2075 473 2140 tulum
513 2073 801 2139 addunt.
902 2071 1108 2154 Quod
1143 2071 1233 2135 ad
1283 2071 1632 2136 marmora
1662 2081 1773 2133 at.

245 2171 465 2247 tinet,
515 2165 728 2232 exstat
765 2187 970 2232 unum
1003 2216 1023 2246 ,
1102 2168 1286 2251 quod
1338 2162 1483 2252 post
1537 2162 1772 2228 Grute-

250 2284 407 2329 rum
461 2262 769 2328 nucerina
808 2263 1025 2327 edidit
1071 2261 1540 2339 Muratorius,
1589 2255 1655 2341 ⁸)
1679 2271 1776 2322 ‘et

248 2359 594 2425 lohannes
637 2358 720 2420 de
752 2359 956 2435 vita,
1006 2346 1072 2439 ¹’)
1122 2358 1194 2420 in
1238 2376 1375 2440 quo
1412 2355 1658 2438 legitur
1701 2373 1773 2418 o-

248 2454 470 2520 missis
505 2452 783 2534 reliquia
816 2473 836 2517 a
886 2451 1332 2517 TRAIANO.
1381 2449 1771 2517 OPTIMO.

248 2547 465 2616 AVG.
536 2545 1108 2612 GERMANICO.
1192 2543 1544 2610 DACICO
1594 2582 1618 2598 -
1670 2580 1694 2596 -
1747 2580 1769 2596 -

246 2645 495 2711 TRIB.
553 2642 933 2708 POTEST.
1017 2643 1269 2708 XVIII.
1353 2641 1548 2706 IMP.
1614 2639 1768 2706 VII.

249 2739 447 2808 COS.
487 2739 608 2805 v1.
708 2739 785 2802 In
845 2737 984 2802 alio
1026 2739 1214 2824 apud
1265 2735 1660 2801 Gruterum:
1710 2734 1772 2817 ⁶)

251 2875 279 2890 -
333 2875 356 2888 .
410 2875 434 2887 -
482 2833 970 2899 TRAIANVS.
1054 2832 1487 2898 OPTIMVS.
1557 2830 1771 2896 AVG.

253 2930 547 2994 GERM.
591 2926 1004 2994 D‘ACICVS.
1058 2967 1081 2981 ·
1133 2966 1157 2982 -
1209 2965 1228 2979 -
1284 2928 1528 2992 TRIB.
1558 2927 1770 2991 POT.

249 3023 504 3091 XVIII.
562 3024 760 3087 IMP.
822 3023 1010 3087 VIII.
1092 3020 1281 3087 COS.
1339 3023 1463 3113 VI.
1563 3022 1774 3084 Addit

254 3118 621 3185 nonnullas
665 3117 838 3203 alias
880 3118 1076 3182 idem=
1121 3119 1440 3181 docentes
1492 3113 1771 3177 Fabret·

254 3227 390 3280 tua.
443 3206 506 3293 ¹¹)
578 3210 1017 3277 concordant
1097 3232 1250 3275 cum
1320 3207 1774 3272 marmoribus

249 3309 443 3374 numi
483 3306 754 3373 Graeci.
855 3304 1088 3370 Exstat
1120 3308 1189 3370 in
1246 3306 1473 3379 musto
1533 3302 1773 3369 Caesa·

247 3424 376 3485 reo
415 3422 659 3469 numus
699 3402 1235 3467 Alexandrinus:

557 3500 780 3564 ATT.
847 3499 1207 3566 TPAlAN.
1257 3498 1544 3574 ΔΡῙστος
1599 3495 1772 3561 CCB.

549 3595 800 3660 ΓΕΡΜ.
840 3594 1122 3665 ΔΑΚΙΚ
1172 3631 1195 3645 ·
1248 3631 1271 3645 ·
1344 3593 1546 3678 Caput
1612 3592 1776 3657 Tra·

531 3707 706 3774 janu

221 3768 339 3850 .'1„‚
380 3785 501 3850 IH.
539 3774 778 3849 Mulier
815 3780 1168 3869 decumbens
1193 3786 1261 3847 in
1300 3783 1673 3871 {cassev-2⁸10.

355 3878 628 3945 Exstant
648 3880 830 3940 numi
851 3878 1077 3963 [ignati
1095 3875 1731 3962 LaodiceaeSyriae
1753 3896 1771 3938 ε

545 3972 940 4039 ΛΤΤΟΚΡ.
1028 3973 1214 4038 Nep,
1297 3971 1769 4038 TPAIANOC.

541 4068 831 4135 Ach.
870 4070 1044 4134 ΚΑΙ.
1097 4068 1269 4135 Cen.
1322 4067 1496 4134 ΓΕΡ.
1565 4068 1770 4132 ΔΑΚ.

549 4166 755 4249 Caput
802 4164 1091 4250 Trajam'.

245 4402 406 4534 Ta}-
420 4418 576 4540 Ρρᾶἔᾷ.
591 4418 733 4537 2{39¹5}-
764 4420 814 4459 2.

351 4543 538 4629 (Vol.
591 4546 751 4626 VJ.)

1426 485 2183 636 TRAIANVS.

1007 4401 1071 4473 b)
1111 4400 1363 4475 Inscript,
1398 4399 1706 4456 Benevent.
1741 4398 1930 4459 xvn.
1979 4417 2025 4456 ι.

3214 563 3356 631 449

1851 735 2297 804 ΙΟΤΛΙΕΩΝ.
2336 734 2552 801 ΤΩΝ.
2597 735 2777 801 ΚΑΙ.
2819 738 3363 807 ΛΑΟΔῙΚΕΩΝ.

1849 834 2023 902 ΒΞΡ.
2065 832 2267 917 Caput
2286 829 2577 897 muliebre
2599 836 2922 899 turritum.
2949 833 3155 916 (Mus.
3181 834 3368 901 Caes.

1853 940 1921 992 et
1956 919 2369 1011 Theupoli.)

1949 1022 2198 1107 Coepit
2238 1039 2401 1085 aera
2422 1020 2967 1088 Laodicenorum
2989 1021 3078 1086 ab
3105 1036 3366 1087 autum-

1854 1136 1943 1196 no
1987 1121 2071 1190 V.
2102 1115 2179 1181 C.
2221 1117 2378 1197 706.
2504 1116 2765 1184 Numua
2834 1137 2995 1203 ergo
3059 1121 3368 1202 praesens

1853 1211 2143 1297 [ignatus
2188 1209 2276 1274 est
2312 1210 2403 1275 ab
2439 1224 2769 1280 autumno
2811 1215 2973 1277 anni
3007 1215 3088 1280 V.
3128 1212 3206 1281 C.
3226 1218 3366 1295 867

1853 1326 2068 1392 usque
2120 1308 2213 1370 ad
2254 1320 2654 1373 autumnum
2690 1312 2853 1380 anui
2884 1310 3245 1395 sequentis,
3274 1310 3369 1374 in·

1853 1414 1965 1468 tra
2001 1403 2189 1486 quod
2239 1402 2459 1489 ipsum
2510 1415 2780 1489 tempus
2826 1400 3143 1474 currebat
3188 1406 3370 1474 Tra·

1850 1499 1995 1581 jani
2034 1497 2190 1561 trib.
2236 1497 2532 1584 potessas
2569 1501 2817 1570 xv111.

1954 1590 2125 1656 Cum
2166 1613 2327 1679 ergo
2359 1608 2799 1664 monumenta
2857 1597 3088 1663 omnia
3118 1644 3140 1675 ,
3191 1611 3370 1681 quae

1853 1689 2012 1755 trib.
2048 1686 2444 1772 potestatem
2498 1691 2713 1760 XVII.
2772 1703 3199 1768 memorant,
3251 1692 3371 1756 ab·

1857 1781 2139 1846 stineant
2172 1785 2371 1848 titulo
2425 1785 2782 1868 OPTIMI,
2829 1787 2953 1852 illa
2974 1808 3165 1866 vero,
3193 1805 3370 1872 quae

1853 1877 2275 1943 tribunatum
2308 1879 2554 1944 xvm.
2587 1879 2826 1962 fistunt,
2875 1903 3032 1952 eum
3070 1879 3371 1949 constan·

1854 1987 1959 2037 ter
1990 1974 2304 2058 usurpent
2329 2020 2350 2053 ,
2395 1975 2645 2061 colligo
2668 2023 2689 2054 ,
2740 1979 3008 2043 titulum
3041 1980 3219 2045 hunc
3271 1981 3369 2043 in-

1855 2081 1961 2133 ter
1993 2069 2143 2154 ipsa
2177 2067 2321 2133 fere
2354 2069 2650 2135 confinia
2684 2075 3029 2157 utriusque
3062 2074 3217 2140 trib.
3248 2094 3370 2158 po-

1855 2162 2108 2232 testatis
2126 2211 2149 2246 ‚
2201 2176 2406 2249 atque
2439 2166 2619 2229 adeo
2651 2166 2923 2234 labente
2956 2187 3136 2234 anno
3166 2169 3369 2233 Iulia·

1851 2278 1941 2323 no
1971 2261 2108 2340 867
2126 2256 2317 2324 fuiss'e
2339 2261 2708 2337 decretum,
2762 2275 2830 2326 et
2871 2263 3187 2328 adhiberi
3211 2280 3366 2326 coe·

1853 2365 2073 2441 ptum.
2196 2355 2375 2420 Nam
2421 2355 2461 2418 fi
2493 2356 2798 2441 pluribus
2824 2357 3198 2436 menfibua‚
3250 2377 3364 2422 an-

1855 2463 2131 2534 tequam
2172 2450 2559 2535 exspirass‘et
2597 2451 2752 2516 trib.
2788 2450 3082 2540 potestas
3110 2454 3367 2534 xva,

1854 2545 1914 2610 iz
1944 2542 2164 2608 fuiss'et
2200 2544 2490 2610 collatus
2522 2592 2547 2625 ‚
2595 2547 2953 2614 verisimile
2994 2546 3129 2627 ost,
3178 2545 3367 2613 exsti-

1853 2654 2080 2705 turum
2119 2659 2324 2703 unum
2356 2640 2627 2718 saltem,
2680 2643 3056 2708 alterumve
3088 2653 3368 2708 “monu-

1854 2748 2195 2812 mentum,
2268 2738 2455 2821 quod
2506 2739 2775 2803 titulum
2832 2741 3147 2806 ΟΡΤΙΜΙ
3214 2760 3372 2804 oum

1857 2834 2044 2896 dicta
2079 2829 2410 2918 potestate
2441 2835 2657 2899 xvn.
2701 2840 3134 2919 conjungeret
3151 2842 3188 2914 ‚⁶
3225 2848 3297 2898 et
3324 2833 3375 2899 fi

1855 2928 2147 2993 conatus
2189 2924 2413 2992 fuiss'et
2470 2929 2740 3015 aliquot
2785 2930 3116 2996 menfibus
3162 2932 3371 2996 serius

1852 3020 2000 3107 post
2037 3022 2275 3083 initum
2303 3023 2445 3101 jam
2483 3023 2897 3088 tribunatum
2921 3026 3206 3103 xvm..
3258 3046 3371 3089 vo·

1853 3114 2125 3189 rifimile
2154 3115 2319 3177 item
2353 3114 2467 3193 est,
2495 3115 2883 3183 exstiturum
2910 3120 3193 3200 aliquod
3216 3139 3370 3183 mo-

1857 3221 2256 3272 numentum
2286 3209 2637 3274 tribunatu
2665 3210 3210 3297 xv111.infigne‚
3232 3226 3369 3294 qu'o

1854 3305 1968 3370 hic
2038 3305 2275 3369 titulus
2322 3306 2766 3381 omitteretur.
2899 3307 3374 3392 conjecturam

1857 3419 2089 3465 meam
2131 3419 2265 3463 non
2301 3420 2542 3485 parum
2574 3392 2771 3482 ju'vat
2806 3423 3047 3473 numus
3080 3422 3325 3469 aureus
3351 3452 3373 3483 ,

1859 3497 1929 3560 in
1968 3499 2155 3576 cujus
2195 3495 2432 3560 aversa
2473 3495 2602 3560 est:
2652 3498 3374 3564 PROFECTIO.AV⁴

1865 3590 2181 3666 GVST-1‚
2234 3612 2432 3675 quem
2479 3612 2753 3656 numum
2784 3594 3211 3660 referendum
3241 3596 3372 3661 offe

1864 3687 1954 3751 ad
1993 3693 2122 3749 iter
2157 3686 2547 3751 Parthicum
2592 3687 2725 3752 hoc
2763 3708 2945 3753 anno
2981 3690 3375 3777 susceptum,

1861 3784 1929 3844 in
1966 3781 2277 3863 sequente
2312 3783 2891 3861 ani‘madverfione
2928 3786 3219 3854 docebo.
3298 3789 3376 3853 In

1860 3876 2057 3953 huius
2088 3878 2317 3941 antica
2349 3881 2484 3957 jam
2515 3879 2825 3963 leguntur
2858 3882 3032 3945 tituli
3055 3884 3373 3947 TRAIA-

1861 3971 1921 4033 N
1930 3971 2013 4034 O.
2034 3971 2425 4034 OPTIMO.
2443 3972 2657 4042 AVG.
2760 3977 3081 4061 Ingross'us
3093 3977 3184 4041 est
3201 3981 3380 4044 Tra·

1855 4071 2055 4151 janus
2097 4065 2233 4129 hoc
2275 4069 2444 4145 iter,
2496 4081 2569 4131 ut
2613 4069 2963 4136 verifirnile
3007 4070 3096 4135 est
3122 4118 3142 4150 ‚
3176 4077 3381 4138 „circa

1861 4174 2305 4240 autumnum,
2359 4182 2497 4245 qua
2551 4166 2901 4233 occasione
2957 4167 3245 4253 [ignatus
3289 4162 3391 4232 est'

2902 4398 3380 4467 maccolumna

2791 4540 2851 4606 L
2897 4543 2995 4611 11

2217 4400 2268 4470 ο)
2303 4415 2432 4473 1³³8·
2473 4416 2596 4471 ¹90·
2632 4414 2683 4470 7·
