4225 5450
827 454 969 535 340
1876 450 2635 536 vEsrAstAN
2659 454 2835 538 vs

810 643 905 706 T.·
940 639 1320 712 CAESAR.
1421 651 1513 713 At
1548 664 1664 713 cur
1702 650 2113 719 vocabulum
2149 655 2318 721 istud
2399 659 2660 743 generis
2691 654 2836 744 post
2868 654 3276 723 Antoninum
3316 658 3647 746 reperiaS,
3663 674 3910 744 metue,

812 754 1126 807 occurrat
1153 756 1417 809 tantum
1451 748 1519 808 in
1539 744 1832 810 denariis
1867 748 2109 813 horum
2139 755 2316 838 prin·
2399 773 2484 816 ne
2549 753 2975 817 subaeratum
3035 767 3272 819 nactus
3327 754 3406 819 lis
3470 755 3904 822 fraudulenta

811 835 1080 920 cipum,
1135 858 1254 903 cur
1282 843 1352 904 in
1388 842 1588 907 certis
1621 852 1879 905 tantum
1914 846 2148 925 annis,
2199 866 2328 909 cur
2394 848 2718 933 pellicula
2759 862 3065 930 exutum,
3159 848 3311 913 Post
3359 851 3546 937 longi
3579 854 3905 940 temporis

810 942 1076 993 tantum
1116 953 1266 997 cum
1307 938 1505 999 certis
1534 937 1714 1018 typis
1739 936 2107 1019 sociatum,
2162 960 2316 1004 cau·
2400 942 2834 1007 intervallum
2863 944 2981 1009 sub
3011 943 3228 1009 Decio
3265 948 3564 1011 redeunt.
3669 948 3910 1034 Vespa·

811 1024 953 1087 sam
985 1047 1118 1090 non
1143 1034 1432 1116 reperio.
1533 1034 1780 1096 Varias
1820 1033 1942 1097 has
1981 1033 2322 1121 peristases
2405 1036 2567 1102 liani
2610 1038 2804 1117 hujus
2839 1041 3099 1125 generis
3133 1041 3318 1103 numi
3353 1040 3533 1104 Γιιιιι.

811 1137 947 1181 non
988 1126 1310 1208 expendit
1338 1125 1771 1205 PeileriniuS,
1823 1148 1905 1191 ac
1957 1142 2325 1213 propterea
2686 1133 2877 1196 IMP.
2908 1133 3153 1199 CAES.
3162 1134 3676 1257 VESPASIAN.
3696 1137 3899 1203 AVG.

810 1211 1073 1301 longae
1095 1223 1561 1302 conjecturae,
1615 1241 1787 1313 quaa
1818 1223 2015 1288 nobis
2049 1223 2318 1302 obtulit,
2690 1226 2936 1293 Palma.

808 1309 1014 1375 valde
1058 1313 1202 1378 sunt
1236 1317 1563 1383 infirmae.
2399 1322 2595 1388 PON.
2637 1324 2733 1389 Μ.
2773 1324 2918 1388 TR.
2953 1324 3029 1389 Ρ.
3068 1326 3140 1389 Ρ.
3179 1325 3253 1391 Ρ.
3292 1322 3486 1391 COS.
3546 1327 3667 1390 ΙΙΙ.
3693 1329 3788 1392 S.
3824 1328 3900 1397 C,

910 1408 1111 1472 Addo
1144 1423 1378 1476 notam
1413 1415 1648 1493 aliam,
1698 1433 1940 1499 nempe
1973 1416 2032 1480 Φ
2061 1418 2319 1500 jacen&
2405 1416 2713 1484 Vexiffum
2736 1418 3030 1484 militare
3125 1420 3204 1482 In
3241 1419 3897 1508 a1i0.Aspergmm-‚

813 1513 1019 1585 atque
1054 1506 1217 1570 item
1254 1509 1320 1572 in
1365 1510 1701 1595 argenteis
1728 1521 2040 1588 tantum,
2091 1522 2160 1573 et
2198 1530 2319 1572 eo·
2386 1522 2638 1598 patu-a,
2687 1513 2897 1581 lituus.
2956 1515 3164 1600 (Mus.
3198 1512 3418 1595 Caes.)

792 1600 1091 1664 rundem
1147 1623 1474 1671 annorum
1556 1606 1776 1669 numia
1865 1604 2317 1692 conspicuam.
2651 1610 2877 1673 ..IMP
2935 1608 3451 1676 VESPASIAN.
3499 1610 3713 1676 AVG.
3755 1612 3907 1678 Pat-

810 1692 979 1759 Sunt
1014 1711 1279 1765 autem:
2682 1723 2809 1770 ma.
2905 1703 2985 1769 In
3022 1706 3213 1773 aliis.
3280 1705 3516 1773 Globus
3549 1708 3900 1773 internodio

822 1865 827 1869 ,
909 1774 1473 1862 CONCORDIA.
1535 1794 1748 1863 AVG.
1824 1796 2169 1864 Gomon-dia
2218 1798 2323 1885 fi·
2680 1792 3127 1886 gichen-nacula.

808 1889 992 1968 dens,
1040 1891 1450 1977 Vespafiaui.
2396 1896 2471 1960 P.
2507 1898 2600 1961 Μ.
2638 1897 2787 1960 TR.
2822 1898 2893 1961 Ρ.
2933 1896 3306 1964 cOS.1111.
3345 1897 3412 1964 S.
3451 1896 3532 1963 C.
3591 1896 3901 1965 Vesanu-

906 1984 1137 2050 PACI.
1170 1986 1678 2056 AVGVSTAE.
1728 1989 2023 2058 Victoria
2072 1978 2319 2076 gradi-
2393 1991 2687 2058 militare.
2736 1992 2944 2074 (Mus.
2992 1991 3214 2075 Caes.)

808 2100 953 2159 ens,
1005 2082 1416 2170 Vespasiani.
2681 2088 2871 2153 ῙΜΡ.
2925 2087 3442 2155 VESPASIAN.
3489 2085 3704 2155 AVG.
3757 2088 3900 2154 Gla-

906 2176 1134 2243 PACI.
1175 2181 1381 2245 ORB.
1420 2181 1688 2247 TERR.
1729 2181 1942 2249 AVG.
1971 2180 2318 2269 Caputm·
2685 2183 2802 2250 bus
2829 2183 3390 2269 magaba-namt«,
3410 2184 3793 2269 merso.

812 2272 1041 2355 tiebre,
1093 2276 1499 2362 Vespafiani.
1614 2276 1913 2342 Difficile
1957 2279 2316 2356 videatur,
2392 2281 2464 2347 P.
2498 2281 2586 2345 Μ.
2621 2281 2712 2345 Τ.
2748 2280 2820 2344 Ρ.
2857 2281 2931 2346 Ρ.
2973 2281 3046 2345 Ρ.
3093 2277 3284 2344 COS.
3344 2282 3422 2345 V.
3465 2279 3534 2344 S.
3576 2277 3656 2342 C.
3693 2277 3902 2344 Cadu-

808 2370 1003 2450 hujus
1042 2384 1246 2436 notae
1287 2394 1525 2438 verum
1575 2374 1824 2435 sensum
1862 2375 2126 2438 elicere.
2194 2372 2319 2437 Ce-
2394 2395 2550 2445 cem.
2601 2374 2805 2463 (Mus.
2849 2373 3079 2455 Caes.)

807 2478 1028 2531 terum
1062 2471 1201 2551 ejus
1249 2470 1509 2555 generis
1560 2468 1906 2532 vocabula
1954 2481 2319 2545 truncata,
2408 2518 2424 2536 .
2683 2469 2863 2554 Alai,
2894 2469 3011 2556 fid
3051 2468 3239 2536 COS.
3274 2469 3392 2533 vl.
3430 2478 3492 2533 et
3520 2465 3715 2536 COS.
3751 2468 3895 2535 vll.

810 2575 928 2626 aut
959 2562 1196 2627 literae
1228 2563 1614 2639 solitariae,
1668 2582 1841 2642 quae
1873 2564 1941 2624 in
1975 2564 2196 2626 numis
2213 2560 2320 2625 fa·
2684 2563 2891 2652 (Mus.
2933 2561 3162 2647 Caes.)

806 2658 1178 2736 miliarum,
1230 2669 1349 2720 aut
1380 2653 1817 2740 Augustorum
1840 2655 2184 2719 inferioris
2207 2675 2321 2719 ae-

804 2754 880 2815 vi
918 2751 1126 2836 vulgo
1160 2751 1405 2836 negligi
1436 2749 1668 2827 solent,
1721 2753 1972 2820 circum
2003 2752 2186 2820 hanc
2203 2771 2315 2817 ae·
2692 2756 2894 2822 Numi
2924 2755 3110 2845 faffi,
3153 2766 3273 2826 ant
3288 2759 3578 2846 suspecti.

809 2859 1020 2925 tatem
1057 2845 1416 2944 oblervatu
1451 2844 1694 2935 dignae
1737 2844 1905 2916 sunt.

2677 2946 2866 3012 ῙΜΡ.
2893 2946 3135 3014 CAES.
3162 2944 3896 3014 VESPASIANAVG.

803 3042 1983 3133 DenumisVespafianiamislV..
2034 3040 2338 3129 formas.
2671 3043 3888 3111 Ρ.ΜΤΒ....ΡΡΡο08.ἿΙΙῙ.

2680 3138 2881 3223 Caput
2923 3139 3296 3206 laureatum.

898 3237 992 3299 Vt
1056 3234 1248 3303 obvii
1298 3238 1444 3302 finnt
1485 3235 1600 3301 sub
1669 3233 2074 3320 Vespaliano
2117 3234 2315 3298 numi
2387 3233 2454 3300 S.
2483 3231 2569 3298 C.
2616 3231 3185 3316 Amphitheam».
3252 3235 3401 3299 AE.
3437 3238 3487 3298 Ι.

805 3334 1000 3397 aenei
1036 3333 1089 3396 Ι.
1146 3343 1214 3394 et
1275 3334 1362 3400 11.
1426 3325 1738 3411 formae,
1788 3330 1875 3396 fic
1966 3330 2311 3416 peculiare
2481 3331 2564 3394 Id
2593 3347 2801 3415 genus
2855 3331 3042 3393 numi
3103 3328 3490 3410 frequentes
3539 3327 3888 3393 circumfe-

803 3427 1128 3538 quiddam
1163 3407 1419 3496 habent
1469 3428 1664 3492 aenei
1716 3377 1989 3490 formae
2043 3437 2311 3492 contra·
2381 3438 2656 3504 runtur,
2707 3426 2778 3489 in
2815 3423 3058 3507 quibus
3089 3423 3696 3532 amphitheatrum,
3714 3442 3888 3487 nunc

801 3524 1080 3601 ctioriS,
1133 3526 1249 3607 qui
1298 3526 1398 3590 ad
1482 3533 1844 3608 quartam,
1895 3533 1970 3584 ut
2035 3523 2310 3598 aimus,
2386 3521 2595 3631 vulgo
2652 3518 2985 3605 ΟοΙξΥηιηι,
3031 3518 3464 3606 proponitur.
3560 3519 3699 3582 Eos
3768 3537 3889 3603 pro

799 3618 1483 3684 formamaccedunt.
1603 3616 1754 3679 Hoc
1793 3616 2141 3679 volumine
2198 3633 2309 3678 cu·
2386 3615 2689 3701 genuinis
2740 3613 3014 3678 edidere
3069 3612 3387 3690 Petinus,
3451 3609 3522 3694 ²)
3592 3611 3889 3698 Spanhe·

797 3717 905 3780 sos
944 3713 1210 3795 aliquos
1246 3719 1387 3796 jam
1421 3711 1537 3780 sub
1570 3710 1843 3774 Nerone
1872 3711 2309 3788 notavimu83
2386 3711 2602 3788 miue,
2651 3699 2711 3789 Β)
2795 3707 3178 3786 Pedrufius,
3230 3706 3291 3790 ⁰)
3351 3707 3630 3789 aliique.
3765 3707 3894 3771 Sed

797 3809 913 3873 sub
974 3807 1378 3893 Vespasiano
1443 3816 1805 3870 occurrunt
1844 3808 2141 3884 iterum,
2227 3823 2313 3868 ac
2388 3806 2566 3869 enim
2600 3825 2771 3892 quos
2806 3805 3133 3879 viderim,
3207 3820 3440 3866 omnes
3501 3801 3648 3866 sunt
3732 3802 3890 3865 artis

797 3905 1116 3987 deinceps
1154 3923 1278 3989 per
1317 3901 1795 3986 consequentia·
1840 3902 2138 3986 imperia
2192 3920 2311 3965 ue-
2388 3901 2779 3980 modernae,
2823 3911 2900 3964 et
2930 3897 3063 3962 fuit
3091 3898 3370 3983 dignum
3393 3908 3890 3981 argumentum,

798 4021 927 4085 que
964 3997 1055 4063 ad
1112 4000 1477 4064 Antonium
1527 3997 1725 4060 Pium
1768 3994 2154 4081 Wcopiofiue
2225 4014 2313 4061 ao
2384 3997 2457 4059 in
2497 4016 2634 4079 quo
2664 3996 2792 4060 sese
2833 3995 3024 4059 fraus
3058 3992 3229 4055 lumi
3251 3991 3484 4055 secura
3522 4002 3888 4056 exerceret.

794 4098 1057 4178 majore
1100 4094 1434 4159 varietate
1480 4104 1920 4178 comparent,
1971 4109 2177 4174 quam
2211 4093 2311 4155 rei
2383 4091 2474 4155 Et
2509 4110 2673 4156 vero
2731 4103 3036 4155 mortuus
3090 4084 3178 4150 est
3225 4083 3709 4171 Vespasianus,
3759 4085 3888 4169 pri·

788 4191 1217 4256 monetariae
1250 4190 1587 4253 rationem
1639 4185 1753 4251 sub
1797 4185 2115 4272 singulis
2096 4205 2309 4270 tmpe-
2386 4205 2677 4269 usquam
2744 4205 2918 4272 opus
2966 4180 3443 4269 perficeretur,
3515 4180 3891 4266 supremam

787 4288 910 4348 riis
945 4285 1198 4360 solicite
1240 4283 1664 4349 memorabo.
1760 4280 1835 4344 Si
1878 4298 2078 4364 quem
2115 4279 2309 4360 hujus
2386 4279 2662 4352 subinde
2699 4300 2974 4346 manum
3009 4280 3398 4363 imponente
3436 4276 3603 4339 Tito
3626 4321 3649 4353 ,
3698 4276 3770 4339 in
3792 4292 3899 4337 cu·

862 4489 919 4555 a)
942 4490 1014 4540 'in
1048 4487 1200 4546 Suet.
1222 4497 1360 4562 pag.
1395 4502 1520 4559 394,
1683 4483 1750 4549 h)
1787 4486 1847 4537 in
1883 4481 2054 4538 Caell'.
2089 4483 2298 4537 Iuliani
2327 4501 2389 4557 p.
2427 4453 2518 4542 ἐι,
2691 4487 2745 4551 e)
2784 4481 2931 4544 Mat.
2975 4482 3126 4538 Fam
3139 4497 3217 4540 es.
3254 4479 3330 4537 T.
3367 4480 3471 4534 VI.
3507 4478 3621 4532 tab.
3642 4495 3725 4545 ³4·
