4225 5450
1266 576 2355 697 ennerAT1Q

284 738 577 856 docere
612 777 1005 852 lectorem
1043 773 1482 879 negligeret
1533 748 2165 866 mediobarbus,
2213 774 2406 851 fecit
2433 831 2458 869 ,
2509 787 2595 849 ut
2625 799 2786 850 non
2831 758 3079 852 modo
3129 777 3212 851 id
3256 799 3389 877 ge·

279 937 419 987 nus
454 911 684 986 numi
726 911 1234 986 crederentur
1272 915 1696 999 commatis
1724 910 2120 1000 Romani,
2168 909 2304 984 fed
2369 908 2926 987 confirmarent
2973 914 3214 988 etiam
3279 915 3390 1010 ju-

262 1050 573 1143 dicium
602 1070 925 1136 eorum,
960 1048 1110 1144 -qui
1162 1045 1297 1120 fibi
1339 1045 1833 1147 pensuasere,
1878 1068 2163 1120 numos
2202 1067 2500 1121 aeneos
2548 1044 2866 1122 Romae
2909 1069 3092 1124 cum
3136 1045 3390 1125 Otho·

272 1188 397 1275 ais
436 1188 708 1287 capite
746 1181 963 1258 ffiffe
1012 1182 1380 1284 fignatos.

468 1458 586 1534 At
627 1458 843 1532 enim
882 1457 1163 1532 variae
1193 1452 1351 1530 hae
1398 1451 1701 1542 causae,
1754 1476 1952 1553 quas
1987 1455 2235 1529 modo
2276 1456 2947 1546 commemoravi,
2995 1476 3155 1529 non
3184 1454 3392 1533 solae

220 1704 227 1715 ι
275 1596 492 1683 sunt,
542 1614 750 1690 quae
790 1590 1240 1692 religiosum
1282 1589 1628 1690 catalogi
1664 1589 2220 1682 architectum,
2277 1593 2647 1687 cujusque
2687 1592 3141 1695 praeconiis
3216 1591 3392 1691 phi-

279 1730 585 1831 lologia
620 1726 1108 1801 confidenter
1143 1729 1253 1799 uti
1288 1724 1569 1826 possit,
1619 1725 2037 1824 impellere
2094 1724 2581 1815 debuerant,
2631 1747 2733 1797 ne
2780 1739 3151 1823 parceret
3194 1727 3395 1799 utili-

278 1865 429 1941 bus
480 1864 853 1951 monitis,
898 1859 1414 1958 indiciisque,
1464 1873 1542 1935 et
1571 1848 1808 1959 saepe
1856 1858 2325 1936 necess'ariis.
2459 1859 2789 1935 Exstant
2859 1862 2946 1932 in
3015 1859 3395 1939 ‘omnibus

266 2001 571 2080 muscis
611 2000 833 2072 numi
868 2010 1135 2070 certae
1176 1996 1705 2094 antiquitatis,
1755 2018 2013 2094 neque
2072 2010 2340 2072 tamen
2419 1994 2854 2087 subaerati,
2899 1998 2983 2069 in
3057 1996 3338 2095 quibus
3377 2057 3401 2090 ‚

285 2140 444 2217 five
496 2136 936 2234 scripturae
964 2133 1229 2232 legem
1262 2130 1614 2229 spectes,
1663 2131 1816 2207 five
1852 2144 2087 2205 notas
2148 2129 2800 2232 chronologicas,
2879 2131 3033 2206 five
3089 2137 3401 2209 anticae

290 2298 479 2353 cnm
518 2270 797 2349 aversa
823 2269 1320 2357 societatem,
1369 2266 1523 2339 five
1558 2265 1943 2363 quidquid
2005 2264 2222 2337 aliud
2286 2289 2336 2338 a
2409 2267 2742 2364 cognitis
2789 2266 3099 2364 legibus
3145 2275 3402 2350 diver·
3459 2290 3462 2293 ’

289 2415 497 2503 sum,
551 2422 688 2484 aut
724 2416 1152 2506 peccatur,
1202 2415 1340 2475 aut
1371 2399 1643 2476 saltem
1702 2400 2029 2499 peccari
2098 2399 2437 2474 videtur.
2574 2398 2761 2473 Non
2836 2402 3401 2499 postulabimus

292 2564 459 2625 tum
496 2544 603 2625 ab
655 2554 1023 2629 auctore,
1074 2553 1157 2612 ut
1190 2539 1356 2636 eJ’us
1400 2534 1764 2610 diffensus
1803 2532 2116 2608 causam
2162 2546 2565 2632 exponat,
2603 2560 2955 2637 :eumque
3001 2557 3140 2618 *aut
3185 2547 3403 2619 ineu.

292 2686 467 2759 riae
494 2677 1175 2765 monetariorum,
1226 2687 1358 2748 aut
1392 2673 1961 2773 permutationi
2000 2670 2462 2760 matricum,
2512 2686 2651 2748 aut
2693 2688 2975 2751 certae
3053 2679 3406 2772 rationi,

296 2821 431 2896 sed
465 2818 705 2892 nobis
750 2816 1013 2888 minus
1055 2814 1460 2913 cognitae,
1507 2812 1883 2906 imputet;
1951 2822 2036 2881 at
2086 2807 2694 2906 postulabimus,
2762 2824 3074 2888 ut‘eum
3134 2813 3406 2890 diffen-

297 2957 459 3032 sum
496 2952 802 3028 habeat
834 2949 1525 3047 perspectimi,·ac
1548 2960 1715 3038 tpm
1756 2945 2113 3018 indicare
2185 2967 2345 3016 non
2403 2947 2797 3049 negligat,
2869 2973 3194 3025 numum
3261 2950 3408 3026 effe

299 3114 492 3170 vere
532 3089 986 3183 antiquum,
1036 3082 1145 3156 ad
1185 3082 1389 3157 haec
1429 3081 1701 3156 sanum
1732 3094 1811 3154 et
1839 3079 2197 3155 illaesum
2224 3137 2245 3168 ,
2296 3079 2687 3184 nihilque,
2746 3089 2826 3160 in
2860 3110 3018 3185 quo
3047 3086 3417 3176 .diffentit‚

277 3248 605 3321 ,ωηερε
636 3235 738 3296 ·et
773 3217 1258 3320 ambiguum.
1357 3215 1545 3315 Quo
1566 3229 1823 3316 pacto
1860 3213 2423 3307 obtinebimus,
2472 3242 2630 3292 non
2662 3221 2906 3295 modo
2944 3236 3028 3296 ut
3063 3226 3185 3298 rei
3219 3223 3415 3299 inro-

302 3361 645 3436 lentiam
682 3377 975 3432 vocare
1008 3357 1088 3427 in
1134 3353 1463 3428 dubium
1498 3377 1657 3428 non
1695 3351 2118 3453 possimus,
2171 3352 2305 3427 sed
2349 3367 2436 3426 ut
2469 3359 2728 3430 omnis
2791 3360 3040 3435 etiam
3098 3361 3420 3437 tollatur

292 3495 686 3595 suspicio,
733 3489 971 3582 illud,
1006 3491 1239 3589 -quod
1273 3489 1615 3568 insolens
1666 3490 2022 3570 videtur,
2077 3513 2180 3564 ex
2248 3492 2742 3592 typographi
2787 3497 3084 3590 potius·
3116 3475 3428 3572 incuria

306 3628 633 3746 fluxifl’e.
737 3628 1003 3725 Quam
1038 3626 1358 3724 quidem
1412 3631 1859 3701 cautionem
1910 3639 1991 3698 ut
2022 3629 2187 3719 jure
2218 3629 2296 3699 in
2321 3625 2838 3701 Mediobarbi
2881 3630 3250 3732 catalogo
3287 3634 3424 3706 de-

308 3769 785 3855 fideramuS,
836 3766 945 3837 ita
980 3786 1027 3834 e
1064 3762 1438 3839 conver-fo
1478 3765 1954 3860 experimur,
2004 3761 2053 3833 fi
2083 3765 2213 3860 qui
2249 3764 2464 3835 numi
2499 3785 2944 3864 repugnare
2983 3764 3422 3842 rationibus

320 3901 908 4002 chronologicis
947 3899 1471 3989 videbantur,
1523 3922 1800 3974 eorum
1857 3900 2077 3971 illum
2139 3901 2542 3972 mentione
2595 3899 2917 3973 studione
2974 3899 3429 3984 abffinuiss'e.

310 4040 649 4117 {Exstant
685 4036 901 4109 numi
939 4033 1291 4133 Philippi
1328 4037 1656 4130 junioris
1690 4035 2072 4134 inscripti:
2126 4034 2210 4108 P.
2249 4032 2364 4110 Μ.
2403 4033 2588 4108 ΤΒ.
2622 4033 2877 4110 RVI.
2928 4034 3163 4109 COS.
3192 4036 3438 4125 P..·P.,

314 4178 534 4277 iique
576 4186 797 4248 tanto
820 4193 1225 4261 numero,
1260 4184 1340 4243 ut
1392 4170 1805 4245 verifimile
1844 4195 1999 4244 non
2044 4170 2169 4259 iit,
2222 4191 2362 4243 eos
2412 4170 2607 4260 viri,
2655 4172 2792 4266 qui
2848 4194 3168 4244 omnem
3209 4169 3434 4246 suam
3542 4141 3548 4156 .

284 4332 669 4411 ruperam
706 4306 1301 4403 conquirendae
1337 4301 1829 4378 monetae-R.
1864 4303 2200 4399 addixit,
2254 4302 2522 4404 fugere
2553 4303 3049 4404 diligentiam
3086 4303 3432 4402 potuiffe.

306 4445 653 4522 'Tamen
692 4465 965 4517 eorum
1001 4441 1303 4516 nullum
1338 4444 1418 4514 in
1468 4441 1631 4535 ejus
1694 4438 2018 4540 Augusti
2083 4452 2407 4512 moneta
2468 4438 2940 4537 descriptum
3031 4443 3387 4542 reperias
3416 4449 3460 4534 ,'

320 4577 547 4659 haud
588 4578 881 4674 dubie,
924 4577 1138 4678 quod
1176 4578 1795 4657 monetariorum
1823 4579 1902 4650 iu
1939 4561 2036 4672 ii's
2084 4574 2463 4680 fjeriundis
2501 4571 2805 4675 lapsum
2831 4571 2953 4649 -est
2977 4573 3442 4679 suspicatus,

872 4859 897 4894 ἱ
