4225 5450
803 576 955 628 200-

801 766 876 818 ut
911 753 1151 818 diserte
1191 754 1590 821 Suetonius:
1646 752 1709 837 ⁸)
1789 776 1862 822 ac
1913 776 1991 822 ne
2034 758 2314 845 Augusti

800 849 1040 936 quidem
1075 871 1326 931 nomen,
1378 856 1660 937 quamvis
1692 854 2312 930 hereditarium,uffis

798 948 910 1033 nili
960 945 1047 1010 ad
1075 968 1257 1031 reges
1307 957 1367 1010 et
1418 948 1702 1037 dynastas
1741 951 2000 1035 epistolis
2043 949 2306 1015 addidit.

799 1041 976 1117 Dio,
1031 1044 1145 1123 qui
1190 1044 1481 1127 primum
1543 1045 1764 1107 obiter
1815 1045 2081 1121 scribit,
2153 1065 2307 1108 eum

800 1134 1070 1221 Augusti
1109 1158 1355 1200 nomen
1399 1159 1534 1201 non
1579 1141 1943 1225 accepisse,
1995 1130 2060 1222 b)
2110 1140 2312 1225 paul-

798 1230 868 1293 lo
905 1228 1049 1315 post
1081 1235 1378 1317 apertius
1430 1236 1500 1296 in
1537 1234 1710 1299 haec
1745 1236 1997 1299 verba.
2054 1235 2115 1320 ⁴²)
2163 1236 2307 1301 Au-

792 1328 959 1414 gusti
1001 1346 1216 1391 nomen
1252 1349 1376 1393 non
1403 1333 1643 1413 quidem
1689 1314 2073 1418 usurpabat,
2126 1316 2311 1395 audi*-

799 1441 903 1487 ens
942 1431 1182 1500 tamen,
1237 1434 1350 1489 aut
1378 1425 1684 1510 scriptum
1766 1428 1971 1511 legens
2032 1426 2318 1510 ferebat..

656 1539 673 1551 ·
766 1516 1031 1599 ›Quare
1071 1519 1275 1580 etiam
1314 1518 1580 1584 ferebat
1596 1570 1623 1605 ,
1674 1521 1734 1584 se
1776 1524 1843 1584 in
1878 1523 2100 1585 numis
2164 1542 2307 1585 om-

796 1611 1048 1690 nibus»,
1101 1626 1167 1675 et
1206 1614 1494 1724 publicis
1544 1618 2053 1701 epigrammatis
2097 1621 2309 1682 conti·

795 1727 974 1866 nug,
1029 1730 1114 1771 ex
1133 1728 1269 1793 quo
1306 1711 1667 1806 imperium
1707 1712 1961 1792 adivit,
2016 1714 2152 1778 dici
2174 1718 2308 1778 Au-

798 1822 883 1890 gu
938 1820 1089 1875 um.

970 2022 986 2035 .
1087 2027 1093 2033 ²
1180 2000 1450 2069 Pater
1553 2005 1925 2088 patriae:

893 2092 1047 2157 Hoc
1079 2094 1358 2161 honoris
1396 2100 1739 2163 vocabulo
1779 2121 1933 2164 eum
1977 2110 2322 2184 perpetuo-

799 2188 1175 2254 abstinuiss'e
1212 2197 1549 2258 unanimis
1602 2193 1690 2257 est
1732 2196 2131 2282 scriptorum
2166 2215 2312 2257 om-

770 2287 979 2351 nium
1020 2285 1360 2354 sententia.
1461 2291 1820 2354 Suetonius
1865 2294 2001 2355 ait:
2054 2283 2111 2369 ἆ)
2162 2312 2312 2375 cog-

791 2401 1010 2449 nomm
1027 2388 1247 2466 patris
1274 2390 1534 2471 patriae
1554 2436 1573 2465 ,
1618 2400 1678 2451 et
1726 2390 1980 2453 civicam
2024 2391 2093 2454 in
2139 2389 2311 2475 vesti·

795 2479 939 2545 bulo
966 2500 1260 2546 coronam
1318 2483 1624 2567 recusavit
1648 2530 1667 2559 ,
1721 2484 1926 2566 idque
1977 2484 2144 2546 alibi
2197 2502 2306 2544 co-

791 2574 1041 2662 piolius
1090 2577 1468 2640 confirmat.
1523 2584 1572 2657 θ’)
1645 2579 1833 2640 Idem
1877 2579 2132 2641 adserit·
2167 2578 2305 2642 Dio

668 2696 679 2701 ·
792 2670 975 2738 binis
1023 2671 1237 2756 locis,
1287 2664 1343 2755 f)
1417 2685 1482 2736 et
1544 2675 1874 2764 Tacitus:
1926 2678 1980 2749 8)
2064 2675 2306 2738 Nomen

787 2769 1007 2854 patris
1038 2774 1300 2853 patriae
1361 2791 1402 2834 a
1440 2769 1669 2853 populo
1707 2769 1962 2856 saepius
2012 2771 2306 2854 ingestum

791 2861 1194 2945 repudiavit,
1247 2864 1452 2945 idque
1518 2863 1685 2927 alibi
1764 2866 2024 2927 iterato·
2094 2865 2304 2927 i‘ncul-

791 2969 924 3021 cat.
976 2947 1038 3033 11)
1092 2956 1577 3021 Historicorum
1644 2960 1993 3022 oraculum
2066 2959 2305 3024 confir-

790 3064 983 3118 mant
1016 3041 1201 3114 numi
1235 3073 1502 3135 omnes,
1557 3075 1637 3118 ao
1670 3076 2014 3119 marmora
2039 3105 2056 3133 ,
2111 3055 2150 3118 fi
2174 3076 2309 3138 qua

799 3148 945 3209 funt
988 3160 1213 3210 certae
1265 3149 1448 3216 fidei.
1568 3151 1811 3231 Quare·
1851 3153 2010 3214 satis·
2078 3155 2312 3215 mirari

799 3249 961 3306 ιιοῑιι
999 3243 1255 3326 Ροῐΐυιιι
1292 3246 1864 3325 Mediobarbum,
1939 3249 2051 3329 qui
2119 3248 2307 3311 nullo

801 3351 1081 3408 auctore
1119 3339 1475 3403 Tiberium
1525 3341 1738 3404 statim
1778 3357 2046 3406 mortuo
2088 3349 2308 3428 Augu·

805 3433 897 3497 sto
925 3445 1176 3518 patrem
1196 3441 1455 3521 patriae
1490 3439 1744 3500 dictum
1812 3453 2063 3528 temere
2125 3441 2307 3509 adse.

798 3533 932 3608 rit,
984 3536 1189 3615 idque
1239 3546 1430 3595 tanto
1468 3536 1723 3618 magiS,
1776 3535 1960 3618 quod
1996 3534 2138 3619 ipse
2165 3535 2309 3596 'nul-

797 3626 1247 3714 lumprostrt
1304 3649 1575 3692 numum
1642 3649 1724 3691 eo
1809 3630 2008 3692 titulo
2091 3630 2305 3693 inscri-

798 3738 1013 3810 ptum.
1112 3726 1373 3788 Eodem
1409 3744 1632 3787 errore
1656 3726 1976 3802 PatinuS,
2028 3724 2172 3788 fors
2194 3726 2305 3788 du·

802 3839 952 3883 cem
990 3820 1515 3884 Mediobarbum
1557 3820 1812 3885 secutus
1863 3821 2149 3885 Tiberio
2199 3844 2309 3886 nu·

803 3936 991 3986 mum
1032 3915 1267 3984 tribuit
1323 3917 1705 4000 inscriptum
1755 3919 2092 3984 ΠΑΤΗΡ.
2162 3923 2309 3982 ΠΑ-

804 4013 1175 4090 ΤΡΙΔΟΣ,
1225 4013 1280 4092 ἰ)
1332 4013 1445 4096 qui
1494 4032 1616 4095 per
1670 4012 1846 4076 hanc
1912 4015 2122 4097 ipsam
2177 4016 2311 4099 epi-

808 4109 1109 4192 graphen
1151 4105 1239 4169 est
1275 4105 1582 4192 Augusti,
1635 4121 1771 4171 aut·
1797 4109 2122 4190 alterius,
2175 4128 2313 4172 mo·

810 4204 901 4274 do
939 4223 1076 4275 non
1115 4203 1429 4273 Tiberii...

1518 4361 1567 4377 *s-

2030 554 2713 681 mmmmm..

2802 756 3108 843 Pontifex
3153 760 3490 826 maximus

2480 854 2696 931 Vide,
2750 872 2925 937 quae
2966 854 3047 915 de
3088 852 3223 917 hoc
3256 855 3443 919 dicta
3481 852 3628 918 sunt
3665 855 3755 919 ad
3779 864 3912 920 an?

2382 968 2547 1013 num
2580 954 2664 1016 V.
2711 946 2784 1012 C.
2831 950 2996 1031 768·

2881 1142 2931 1205 I
2942 1160 3004 1202 m
3015 1161 3061 1227 p
3082 1161 3165 1206 er
3188 1162 3229 1208 a
3246 1151 3323 1205 to
3344 1162 3411 1205 r.

2482 1236 2922 1326 Imperatoris
2976 1237 3175 1301 titulo
3237 1250 3565 1320 tanquam
3608 1259 3908 1325 praenob
3983 1230 4000 1237 ’

2388 1337 2587 1400 minis
2617 1333 2934 1400 abstinuit
2975 1326 3244 1417 quoque
3267 1380 3286 1409 ,
3339 1344 3413 1395 ut
3448 1334 3910 1400 testaturSue-

2389 1433 2612 1495 tonius
2648 1453 2663 1494 ε
2715 1426 2780 1514 ³³)
2832 1430 3215 1493 praenomen
3245 1433 3644 1513 imperatoris
3692 1469 3726 1489 -
3763 1452 3818 1486 ·-
3869 1469 3912 1487 -

2388 1527 2726 1613 recasavit,
2796 1535 2864 1585 et
2898 1523 3040 1588 Dio
3087 1525 3157 1587 in
3215 1525 3453 1587 eadem
3521 1525 3768 1603 verba,
3839 1521 3900 1605 ¹)

2392 1624 2507 1706 qui
2546 1633 2613 1684 et
2650 1620 2816 1684 'alibi
2848 1620 3058 1681 tradit
3082 1667 3101 1697 ,
3153 1622 3630 1705 imperatorem
3661 1621 3724 1682 se
3774 1619 3901 1683 nist

2390 1738 2434 1780 a
2467 1716 2793 1779 militibus
2825 1716 3063 1779 vocari
3104 1715 3361 1800 paffum
3442 1713 3775 1780 non-effe.
3818 1714 3900 1796 ιιι)

2391 1811 3071 1888 Consentiunt-numi,
3128 1824 3196 1873 et
3223 1829 3610 1887 marmora,
3661 1813 3729 1875 in
3751 1811 3897 1894 qui-

2385 1908 2512 1971 bus
2552 1911 2689 1987 eJus
2725 1906 2904 1970 tituli
2944 1926 3075 1969 non
3102 1905 3506 1971 scribuntur:
3561 1907 3731 1973 IM‘P.
3767 1908 3894 1970 T1.

2390 2003 2783 2081 CAESAR,
2846 2002 2966 2064 sed·
3024 2001 3406 2086 [impliciter
3429 2027 3460 2065 :—
3521 2004 3642 2068 TI.
3691 2002 3892 2066 CAE-

2390 2098 2582 2163 SAR.
2683 2099 2979 2162 Valeant
3011 2117 3170 2182 ergo
3228 2100 3411 2161 numi
3455 2101 3570 2163 uni
3623 2096 3897 2162 Goltzio

2389 2197 2722 2279 comperti
2757 2215 2909 2258 cum
2943 2193 3310 2279 epigraphe
3345 2196 3625 2261 ATTO.
3655 2194 3895 2258 TIBE-

2387 2293 2617 2357 Plor.
2663 2303 2768 2355 etc

2484 2388 2978 2473 Imperatorem
3009 2397 3239 2448 tamen
3281 2406 3322 2449 a
3357 2378 3664 2450 victoriis
3702 2386 3762 2448 l'e
3797 2385 3895 2449 di-

2389 2484 2453 2547 ci
2490 2480 2800 2545 sustinuit.
2901 2482 3216 2545 Vidimus
3285 2483 3351 2545 in
3397 2483 3752 2546 annalibus
3807 2503 3894 2543 ex

2384 2581 2606 2641 numis
2626 2624 2645 2652 ‚
2700 2575 3062 2640 Tiberium
3095 2579 3166 2639 in
3190 2578 3346 2653 trih.
3373 2576 3700 2662 potestate
3740 2577 3891 2641 ΧΗ.

2380 2671 2572 2735 fuiss‘e
2602 2674 3086 2756 imperatorem
3119 2676 3203 2737 V.
3230 2720 3250 2751 ,
3302 2685 3506 2757 atque
3536 2673 3653 2736 sub
3683 2672 3893 2758 ipsum

2383 2769 2653 2852 imperii
2684 2769 2944 2830 aditum
2987 2770 3471 2855 imperatorem
3511 2769 3666 2833 VII.
3763 2771 3892 2831 Re-

2383 2863 2566 2945 liqui·
2607 2864 2809 2946 igitur
2840 2865 3304 2926 numeri-inter
3343 2866 3668 2928 victorias
3699 2883 3892 2950 prae-

2386 2961 2699 3021 cedentes
2750 2959 3221 3041 dispertiendi,
3287 2980 3570 3042 quarum
3622 2961 3894 3044 quidem

2387 3057 2748 3117 meminere
2784 3052 3101 3130 historici,
3155 3057 3328 3139 quin
3367 3068 3595 3118 tamen
3638 3057 3894 3139 semper

2388 3151 2756 3227 adderent,
2812 3170 2897 3211 ex
2934 3151 3175 3231 quibus
3215 3152 3632 3223 acclamatus
3671 3152 3744 3213 fit
3773 3152 3894 3211 im·

2386 3258 2688 3329 perator.
2804 3246 2982 3308 Tres
3073 3249 3434 3308 victorias·
3477 3245 3686 3308 refert
3717 3246 3897 3323 Dio,

2391 3361 2557 3425 quas
2595 3361 2681 3402 ea
2726 3341 3134 3404 acclamatio
3202 3342 3556 3404 consecuta
3624 3340 3750 3418 est,
3801 3342 3920 3404 ni„

2392 3438 2631 3500 mirum
2673 3438 2761 3499 ad
2795 3439 2875 3498 V.
2917 3437 2991 3500 C.
3035 3441 3211 3517 746',
3263 3457 3407 3524 759
3434 3483 3468 3511 ,.
3504 3441 3640 3519 763
3676 3483 3695 3511 ‚
3737 3435 3892 3500 reli-

2392 3552 2559 3615 quas
2597 3531 2989 3596 dissimulat.
3108 3534 3405 3597 Velleius
3463 3531 3736 3597 Tiberii
3790 3551 3899 3595 res

2389 3627 2570 3690 bello
2607 3625 2817 3712 gestas
2850 3675 2871 3705 ,
2937 3621 3300 3710 ante'quam
3349 3630 3640 3714 imperio
3726 3626 3902 3691 solus

2390 3724 2767 3807 potiretur«,
2838 3742 3156 3786 enarrans
3182 3773 3200 3802 ,
3255 3726 3388 3803 ait,
3459 3744 3612 3787 eum
3670 3723 3903 3810 septem

2388 3822 2735 3903 triumphos
2777 3821 3098 3903 meritum,
3181 3824 3274 3887 tri
3358 3843 3383 3885 s
3419 3818 3603 3910 ffflff‘
3661 3830 3912 3885 conten--

2391 3924 2539 3978 tum.
2591 3913 2658 3996 ¹³)
2756 3916 2861 3978 Ex
2907 3935 3042 3997 quo
3082 3929 3426 4002 apparet,
3503 3936 3615 3978 um
3655 3914 3898 3999 septies

2394 4011 2646 4070 dictum
2683 4014 3166 4096 imperatorem
3207 4033 3292 4075 ex
3325 4011 3525 4074 rebus
3557 4007 3794 4095 gestis,
3811 4030 3899 4073 ex

2396 4104 2639 4186 quibus
2692 4106 3001 4192 septenos
3060 4103 3440 4193 triumphos
3498 4104 3586 4168 est
3635 4124 3908 4205 prome-

2393 4203 2583 4268 ritus.
2683 4206 2774 4265 At
2813 4222 2989 4286 quae
3021 4200 3271 4267 fuerint
3302 4202 3437 4266 hae
3471 4201 3800 4266 victoriae
3818 4219 3904 4264 ac

887 4482 951 4531 a)
988 4468 1065 4520 Ca
1115 4507 1127 4520 .
1168 4475 1256 4530 26.
1484 4465 1543 4525 b)
1581 4468 1645 4521 L.
1696 4468 1875 4519 LVII.
1930 4470 1960 4538 §
2012 4486 2062 4522 2.
2288 4470 2338 4536 c)
2385 4468 2518 4522 ibid.
2575 4471 2608 4539 §
2660 4481 2739 4531 3.
2942 4467 2998 4533 d)
3038 4467 3177 4538 Cap.
3232 4469 3314 4520 26.
3548 4468 3599 4532 e)
3639 4467 3720 4520 Ca
3765 4503 3777 4517 .
3817 4467 3912 4532 67.

813 4535 859 4599 ἰ)
894 4535 959 4586 L.
995 4536 1045 4587 L
1101 4538 1176 4590 11.
1215 4539 1244 4605 §
1282 4547 1343 4598 3.·
1372 4538 1434 4588 L.
1472 4535 1687 4595 LVIII,
1724 4538 1755 4604 ς
1797 4554 1875 4588 12.
2095 4538 2336 4607 g)›Ann.
2373 4538 2420 4589 1.
2461 4554 2548 4602 725
2736 4537 2821 4601 h)
2840 4541 2983 4602 Anu.
3019 4536 3096 4587 11.
3135 4545 3264 4600 87.-
3431 4536 3471 4600 i)
3510 4535 3679 4591 Numi
3798 4552 3936 4610 pp.-

816 4621 877 4681 p,
910 4613 999 4678 58.
1168 4604 1405 4682 ωαψς
1444 4607 1556 4658 26..
1715 4604 1758 4672 l)
1792 4605 1863 4662 1..
1897 4604 2077 4658 Lvn.
2118 4608 2160 4679 §-
2188 4623 2235 4662 a.
2411 4608 2486 4674 m)
2523 4604 2659 4659 ibid.
2700 4608 2734 4677 ς
2769 4619 2820 4672 3.
2994 4605 3053 4671 n>
3092 4604 3271 4658 1..11.
3308 4621 3356 4658 e.
3400 4619 3546 4659 ηε.-
3845 4617 3852 4624 “
