4225 5450
781 499 920 566 2¹4

1059 675 1460 764 Epigrapke,
1510 690 1570 744 et
1612 691 1838 766 caput,
1890 690 1962 745 ut
1996 682 2062 744 in
2094 696 2278 765 prae·

1063 775 1429 841 cedentibus.

779 828 843 939 S
887 874 966 936 P.
1005 871 1091 952 Q.
1129 872 1209 931 R.
1242 872 1314 931 P.
1342 870 1414 931 P.
1460 872 1602 933 ΟΒ.
1647 871 1921 936 CIVES.
1958 873 2278 935 SERVA·

778 969 993 1031 TOS.
1019 970 1193 1030 intra
1236 986 1524 1031 coronam
1561 988 1877 1053 quemnam.
1933 969 2074 1031 AE.
2098 988 2282 1030 max.

778 1066 963 1125 mod.

872 1159 1168 1219 Numum
1220 1156 1395 1217 hunc
1448 1156 1659 1220 edidit
1718 1157 2125 1222 Vaillantius
2198 1176 2282 1218 ex

782 1253 1005 1315 m‘useo
1052 1254 1133 1313 de
1185 1250 1436 1335 Camps
1471 1298 1489 1327 ,
1566 1265 1632 1313 et
1672 1251 1945 1315 restituit
1987 1252 2284 1314 Metelli-

736 1406 745 1413 .
779 1342 900 1425 uS,
955 1350 1068 1431 qui
1102 1393 1120 1421 ,
1177 1345 1215 1406 li
1254 1349 1573 1431 genuinus
1604 1346 1726 1427 est,
1781 1361 1847 1408 et
1885 1349 2067 1409 omni
2105 1345 2284 1408 frau-

778 1444 883 1506 dis
930 1441 1289 1524 suspicione
1324 1459 1622 1515 vacuuS,
1676 1444 1944 1505 videtur
1981 1454 2285 1521 moneta.-

778 1540 863 1600 rii
913 1556 1138 1599 errore
1174 1555 1331 1619 pars
1377 1535 1611 1597 aversa
1641 1583 1659 1610 ,
1715 1554 1888 1619 quae
1950 1538 2036 1599 ad
2084 1535 2281 1597 Clau·

782 1623 1015 1707 dium,
1059 1629 1247 1692 'nullo
1297 1643 1521 1693 autem
1574 1643 1777 1714 pacto
1834 1633 1921 1693 ad
1976 1631 2284 1714 Agrippi-

776 1746 936 1789 nam
978 1725 1305 1810 pertinet,
1359 1745 1511 1787 cum
1542 1725 1734 1804 hujus
1763 1727 1992 1790 antica
2028 1738 2283 1788 temere

778 1821 1059 1884 sociata.

1227 2008 1481 2078 Numus
1526 2017 1857 2109 restitans.

874 2203 1238 2289 Agripinae
1280 2203 1644 2291 imaginem
1695 2206 1761 2267 in
1818 2225 2031 2267 aeneo
2064 2207 2117 2268 Ι.
2145 2205 2281 2269 for·

779 2320 934 2363 mae
963 2297 1241 2362 restituit
1285 2301 1490 2364 Titus
1530 2302 1783 2369 additis
1834 2302 1899 2362 in
1941 2302 2179 2365 aversa
2213 2322 2281 2364 ‘e-

776 2401 883 2478 jus
923 2396 1169 2471 titulis,
1252 2416 1449 2479 quem
1499 2397 1656 2457 vide
1720 2396 2123 2480 descrIptum
2215 2398 2285 2460 in

781 2493 1004 2554 numis
1056 2490 1566 2556 restitutionum.

1064 2683 1269 2748 Num·
1311 2682 1630 2744 commatis
1668 2683 2013 2764 peregrini.

788 2872 860 2936 V
855 2868 1063 2934 rhium
1099 2866 1458 2933 liberarum.
1812 2920 1817 2926 .

806 3006 817 3012 ·
876 2966 1134 3028 Harum
1174 2965 1535 3028 nonnullae
1583 2983 1823 3032 numos
1877 2968 2290 3032 dedicavere

783 3060 1198 3145 Agrippinae
1260 3059 1368 3121 seu
1415 3061 1573 3137 soli,
1646 3063 1753 3125 seu
1820 3065 1892 3126 in
1947 3066 2285 3129 consortio

780 3175 933 3219 cum
982 3152 1438 3238 Germanico,
1493 3157 1602 3220 vel
1638 3157 1972 3242 Caligula.
2094 3158 2285 3223 Male

782 3249 942 3313 huic
975 3249 1330 3312 Morellius
1378 3250 1657 3337 largitur
1696 3273 1969 3318 numum
2006 3259 2286 3318 Aezani·

781 3358 1004 3408 tarum
1039 3343 1374 3430 Phrygiae
1407 3347 1832 3433 inscriptum:
1908 3350 2291 3415 APPIHIII-

780 3442 988 3504 NAN.
1051 3441 1565 3507 ΣΕΒΛΣΤΗΝ.
1681 3446 1872 3508 Haec
1915 3448 2290 3532 Agrippina

781 3541 1129 3621 nunquam
1178 3536 1507 3622 Augustae
1568 3541 1835 3602 titulum
1887 3543 2061 3605 tulit.
2182 3541 2292 3605 Est

784 3649 947 3715 ergo
992 3633 1405 3718 Agrippinae
1468 3632 1776 3713 Claudii,
1870 3636 1981 3699 etsi
2052 3657 2287 3700 verum

702 3775 705 3780 ⁴
784 3721 911 3802 fit,
965 3723 1391 3791 &EAN'non
1447 3748 1605 3794 raro
1646 3732 1949 3808 inscribi,
2002 3735 2097 3794 uti
2150 3735 2293 3815 ejus

784 3822 1104 3885 maritum
1155 3825 1445 3915 &Eolm
1509 3828 1587 3888 ut*
1633 3827 1872 3912 legitur
1940 3830 2009 3890 in
2083 3832 2286 3892 numo

788 3916 1080 3995 eximio,
1155 3920 1270 4001 qui
1326 3932 1608 4005 propter
1693 3924 1868 3985 alias
1931 3935 2288 4005 praeterea

786 4014 1021 4076 causas
1054 4027 1346 4078 meretur
1389 4017 1778 4081 adcuratius
1804 4018 2124 4101 describi,
2174 4040 2288 4081 ex·

784 4108 1179 4194 plicarique.
2068 4133 2073 4142 ·

1078 4207 1345 4272 ΘΕΟΝ.
1378 4207 1615 4274 ΓΕΡΜ
1667 4245 1690 4256 ·
1740 4243 1763 4260 ·
1814 4243 1836 4257 ·

1064 4313 1186 4386 put
1222 4305 1576 4368 Germanici
1606 4301 1836 4367 nudum

1890 4209 2146 4296 MTTI.
2175 4209 2288 4274 Ca·

700 4389 705 4394 ’
786 4393 1052 4459 &BAN
1094 4403 1415 4466 AloAlN.
1454 4401 2295 4465 APPmmNAN.MTT1.

792 4487 1017 4574 Caput·
1053 4487 1513 4580 Agrippinae„
1577 4494 1720 4561 AE.
1788 4497 1864 4557 11.
1966 4494 2290 4584 (Pellerin

1467 477 2221 558 AGRIPPINA
2339 454 3138 556 GERMANmn

2367 678 2531 742 Rec.
2585 679 2704 746 111.
2750 696 2920 764 pag.
2982 682 3171 761 229.)

2465 770 2542 836 In
2572 774 2705 837 ho'c
2752 794 2955 836 numo
3009 784 3281 860 praeter
3312 774 3592 837 nomina
3627 775 3878 843 esso'r

2371 880 2436 930 et
2476 871 2720 933 ΘΕΑΣ
2754 869 3098 931 observari
3136 888 3406 952 quoque
3443 883 3735 932 meretur
3758 891 3873 935 vo·

2373 963 2687 1027 cabulum
2731 966 3076 1039 AlOAlN,
3130 966 3312 1046 quod
3352 965 3476 1027 ess'e
3531 967 3872 1049 integerri·
3959 986 3992 1006 ⁸

2369 1064 2553 1121 mu'm
2593 1057 2910 1122 adfirmat
2945 1057 3337 1143 Pellerinius
3360 1105 3378 1133 ‚
3403 1118 3407 1123 ,
3432 1058 3550 1122 sed*
3581 1080 3623 1121 a
3662 1060 3874 1123 variis

2373 1148 2772 1239 antiquariis
2808 1154 3146 1217 exnumis
3172 1147 3486 1216 fiiniubus
3507 1154 3684 1217 male
3722 1155 3874 1217 hac·

2371 1261 2564 1311 tenus
2600 1250 2883 1324 lectum,
2937 1261 3008 1310 ut
3038 1248 3170 1330 ipsc
3209 1250 3456 1333 pagina
3511 1249 3752 1312 ultima
3808 1269 3872 1309 e-

2367 1345 2632 1423 jusdem
2658 1345 3018 1407 voluminis
3050 1342 3219 1405 inter
3253 1345 3637 1407 additiones
3671 1346 3882 1407 latius

2373 1450 2666 1505 enarrat.
2770 1439 2972 1520 Quod
3006 1440 3094 1501 ad
3149 1442 3285 1520 ejus
3351 1440 3884 1523 explicationem

2372 1536 2648 1615 attinet,
2703 1535 2785 1597 fic
2818 1537 2902 1597 de
2933 1555 3016 1597 eo
3042 1535 3300 1613 judicat
3335 1535 3589 1597 editor:
3638 1536 3880 1620 Existi-

2371 1649 2649 1705 mamus,
2715 1648 2914 1694 vocem
2973 1632 3274 1715 AIOAIN
3336 1632 3664 1694 monetarii
3711 1628 3881 1713 lapisto

2370 1734 2656 1789 exortam
2681 1774 2701 1802 ‚
2751 1746 2887 1790 cum
2935 1748 3056 1809 pro
3128 1744 3199 1788 ea
3239 1725 3619 1801 scribendum
3675 1725 3879 1808 suerit

2371 1823 2762 1885 IOTAIAN.
2863 1820 3104 1885 Revera
3141 1821 3510 1904 Agrippina
3539 1823 3582 1885 I
3589 1820 3885 1886 VLIAE

2366 1934 2584 1979 nomen
2618 1916 2875 1993 habuit,
2941 1917 3108 2001 quod
3147 1921 3200 1979 ei
3232 1916 3413 2005 fuzffe
3461 1936 3890 2001 praenomen,-

2373 2031 2454 2074 εκ
2487 2006 2786 2099 histor-iris
2823 2016 3081 2098 constat,
3150 2013 3248 2095 etsi
3305 2011 3453 2078 mad
3528 2012 3882 2102 diffimulent

2369 2111 2539 2170 numi
2574 2108 2865 2173 hactenus
2901 2111 3160 2194 cogniti.

2469 2206 2623 2266 Non
2667 2205 2819 2268 satis
2857 2216 3326 2289 argumentum
3375 2205 3700 2288 expendit
3727 2202 3874 2264 Pel·

2371 2299 2644 2362 lerinius
2681 2349 2700 2376 ,
2755 2320 2906 2364 cum
2949 2301 3122 2363 haec
3156 2299 3488 2362 scriberet.
3591 2298 3764 2373 Huic
3791 2303 3872 2360 A·

2370 2396 2721 2479 grippinae
2762 2386 3078 2459 IVLIAE'
3110 2414 3355 2456 nomen
3395 2412 3734 2477 nunquam
3772 2391 3871 2455 fn·

2369 2489 2462 2563 it;
2514 2509 2671 2554 nam
2727 2505 2895 2556 nata
2950 2489 3037 2552 est
3095 2506 3181 2551 ex
3243 2492 3340 2551 M.
3399 2491 3738 2575 Agrippa,
3809 2499 3876 2551 et

2368 2585 2553 2666 ipsa,
2608 2589 2790 2669 quod
2829 2584 3124 2662 conflet,
3186 2586 3254 2647 in
3300 2598 3566 2670 gentem
3628 2584 3869 2646 Iuliam

2368 2682 2711 2764 nunquam
2745 2683 3101 2765 adoptata,
3158 2678 3268 2743 etfi
3303 2683 3371 2743 in
3409 2701 3560 2744 eam
3594 2691 3878 2764 coopta-
3979 2678 3986 2687 “

2368 2788 2476 2837 tus
2529 2777 2750 2840 fuiss'et
2801 2779 3080 2841 maritus
3137 2775 3601 2840 Germanicus.
3717 2775 3870 2837 Non

2370 2872 2640 2953 quidem
2690 2877 2800 2952 ajo
2850 2883 3226 2956 repugnare
3301 2891 3548 2934 nomen
3615 2863 3819 2936 Iuliae
3850 2914 3906 2946 „

2368 2986 2526 3029 nam
2566 2966 2807 3030 habuit
2848 2981 3133 3032 matrem
3196 2967 3436 3029 Iuliam
3468 3012 3488 3043 ,
3556 2980 3621 3028 et
3691 2966 3870 3049 quod

2372 3061 2663 3145 amplius
2719 3060 2846 3139 est,
2917 3065 3214 3125 sororem
3272 3062 3485 3125 Iuliae
3546 3063 3871 3147 nomine,

2375 3178 2459 3221 ex
2504 3161 2742 3221 matris
2793 3160 3025 3241 utique
3078 3156 3349 3221 nomine
3397 3158 3638 3220 indito.
3755 3160 3871 3219 .At

2371 3267 2587 3336 neque
2629 3256 2848 3333 numi,
2899 3273 3116 3335 neque
3170 3272 3516 3315 marmora
3562 3253 3873 3338 Agrippi·

2372 3367 2528 3411 nam
2566 3347 2853 3412 nostram
2886 3349 3117 3413 Iuliam
3171 3347 3542 3432 appellant.
3667 3347 3875 3408 Fece-

2333 3527 2340 3533 .
2371 3447 2590 3506 rintne
2629 3442 2796 3507 illud
2825 3442 3145 3519 historici,
3197 3456 3272 3504 ut
3321 3443 3419 3504 ait
3455 3442 3872 3520 Felici-inim,

2372 3540 2630 3624 ignoro.
2731 3539 3002 3602 Nullum
3054 3550 3232 3602 certe
3267 3537 3399 3600 hoc
3439 3537 3636 3613 loco,
3692 3539 3873 3623 quod

2371 3636 2768 3719 plerumque
2808 3655 2996 3697 more
3041 3635 3153 3696 suo
3211 3632 3421 3711 facit,
3472 3631 3700 3695 testem
3761 3634 3892 3696 ad·-

2369 3743 2599 3792 vocat.
2702 3734 2790 3792 At
2821 3730 3034 3792 Inliae
3070 3749 3315 3792 nomen
3359 3728 3662 3800 habuisse
3701 3729 3875 3791 alte.

2367 3845 2513 3888 ram
2558 3825 2996 3910 Agrippinam
3034 3825 3228 3905 hujus
3275 3822 3486 3886 filiam
3512 3870 3531 3901 ,
3604 3837 3671 3887 et
3713 3845 3874 3889 uxo-

2367 3940 2507 3983 rem
2549 3919 2854 3997 Claudii,
2908 3921 3268 4006 prodidere
3303 3921 3529 3997 numi,
3583 3940 3874 3985 manno,

2369 4014 2485 4097 τέ’,
2537 4014 2864 4093 historici,
2915 4018 3121 4100 idque
3154 4019 3341 4106 jure,
3395 4035 3551 4079 nam
3587 4014 3879 4080 fuitfilia

2373 4110 2758 4175 Germanici
2795 4113 2976 4197 genti
3008 4112 3220 4176 Iuliae
3253 4111 3494 4176 inserti.
3592 4111 3880 4173 Errall‘et

2371 4227 2531 4294 ergo
2570 4208 2984 4271 monetarius
3025 4205 3372 4270 scribendo
3418 4227 3505 4269 ex
3540 4206 3886 4270 Pellerinii

2369 4318 2594 4366 mente
2633 4305 3044 4382 lO‘rA1AN,
3091 4315 3163 4380 ,et
3206 4311 3451 4366 nomen
3491 4303 3882 4387 impertien-

2371 4401 2501 4474 do,
2558 4400 2738 4480 quod
2773 4419 2927 4463 eam
2958 4399 3166 4462 tuliffe
3210 4397 3396 4486 nullo
3435 4410 3890 4464 monumento-

2366 4493 2646 4582 probari
2681 4493 2918 4582 potest.
