<?xml version="1.0" encoding="UTF-8"?>
<!DOCTYPE html PUBLIC "-//W3C//DTD XHTML 1.0 Transitional//EN"
    "http://www.w3.org/TR/xhtml1/DTD/xhtml1-transitional.dtd">
<html xmlns="http://www.w3.org/1999/xhtml" xml:lang="en" lang="en">
 <head>
  <title>
</title>
<meta http-equiv="Content-Type" content="text/html;charset=utf-8" />
  <meta name='ocr-system' content='tesseract 3.04.00' />
  <meta name='ocr-capabilities' content='ocr_page ocr_carea ocr_par ocr_line ocrx_word'/>
</head>
<body>
  <div class='ocr_page' id='page_1' title='image "./doctrinanumorum02unkngoog_0096.png"; bbox 0 0 4225 5450; ppageno 0'>
   <div class='ocr_carea' id='block_1_1' title="bbox 865 553 956 619">
    <p class='ocr_par' dir='ltr' id='par_1_1' title="bbox 865 553 956 619">
     <span class='ocr_line' id='line_1_1' title="bbox 865 553 956 619; baseline -0.044 0"><span class='ocrx_word' id='word_1_1' title='bbox 865 553 956 619; x_wconf 74' lang='lat'><strong>6·</strong></span> 
     </span>
    </p>
   </div>
   <div class='ocr_carea' id='block_1_2' title="bbox 738 740 2377 4291">
    <p class='ocr_par' dir='ltr' id='par_1_2' title="bbox 738 740 2377 4291">
     <span class='ocr_line' id='line_1_2' title="bbox 858 740 2369 833; baseline 0.007 -24"><span class='ocrx_word' id='word_1_2' title='bbox 858 758 1005 811; x_wconf 88' lang='lat' dir='ltr'><strong>tum</strong></span> <span class='ocrx_word' id='word_1_3' title='bbox 1032 791 1055 824; x_wconf 90' lang='lat'>‚</span> <span class='ocrx_word' id='word_1_4' title='bbox 1107 749 1294 833; x_wconf 83' lang='lat' dir='ltr'><strong>quod</strong></span> <span class='ocrx_word' id='word_1_5' title='bbox 1330 747 1399 813; x_wconf 90' lang='lat' dir='ltr'><strong>in</strong></span> <span class='ocrx_word' id='word_1_6' title='bbox 1432 749 1768 815; x_wconf 78' lang='lat' dir='ltr'><strong>Octaviae</strong></span> <span class='ocrx_word' id='word_1_7' title='bbox 1798 740 2110 818; x_wconf 82' lang='lat' dir='ltr'><strong>favorem</strong></span> <span class='ocrx_word' id='word_1_8' title='bbox 2131 773 2176 817; x_wconf 82' lang='lat' dir='ltr'><strong>a</strong></span> <span class='ocrx_word' id='word_1_9' title='bbox 2204 766 2369 819; x_wconf 87' lang='lat' dir='ltr'><strong>tem·</strong></span> 
     </span>
     <span class='ocr_line' id='line_1_3' title="bbox 804 840 2264 935; baseline 0.005 -30"><span class='ocrx_word' id='word_1_10' title='bbox 804 898 825 916; x_wconf 81' lang='grc'><strong>,</strong></span> <span class='ocrx_word' id='word_1_11' title='bbox 859 840 1029 928; x_wconf 75' lang='lat' dir='ltr'><strong>poie</strong></span> <span class='ocrx_word' id='word_1_12' title='bbox 1070 843 1363 928; x_wconf 81' lang='lat' dir='ltr'><strong>fignatae</strong></span> <span class='ocrx_word' id='word_1_13' title='bbox 1410 846 1604 926; x_wconf 76' lang='lat' dir='ltr'><strong>hujus</strong></span> <span class='ocrx_word' id='word_1_14' title='bbox 1648 858 1962 910; x_wconf 87' lang='lat' dir='ltr'><strong>monetae</strong></span> <span class='ocrx_word' id='word_1_15' title='bbox 1992 851 2264 935; x_wconf 88' lang='lat' dir='ltr'><strong>petitur.</strong></span> 
     </span>
     <span class='ocr_line' id='line_1_4' title="bbox 956 937 2365 1045; baseline 0.006 -44"><span class='ocrx_word' id='word_1_16' title='bbox 956 939 1073 1001; x_wconf 76' lang='lat' dir='ltr'><strong>Ait</strong></span> <span class='ocrx_word' id='word_1_17' title='bbox 1114 937 1199 1001; x_wconf 90' lang='lat'><strong>11.</strong></span> <span class='ocrx_word' id='word_1_18' title='bbox 1218 987 1246 1045; x_wconf 64' lang='lat'><em>3</em></span> <span class='ocrx_word' id='word_1_19' title='bbox 1291 941 1758 1023; x_wconf 75' lang='lat' dir='ltr'><strong>praetores-in</strong></span> <span class='ocrx_word' id='word_1_20' title='bbox 1798 941 2034 1007; x_wconf 75' lang='lat' dir='ltr'><strong>Sicilia</strong></span> <span class='ocrx_word' id='word_1_21' title='bbox 2076 942 2222 1027; x_wconf 83' lang='lat' dir='ltr'><strong>post</strong></span> <span class='ocrx_word' id='word_1_22' title='bbox 2255 963 2365 1009; x_wconf 84' lang='lat' dir='ltr'><strong>ex-</strong></span> 
     </span>
     <span class='ocr_line' id='line_1_5' title="bbox 860 1032 2365 1118; baseline 0.003 -20"><span class='ocrx_word' id='word_1_23' title='bbox 860 1042 1090 1098; x_wconf 83' lang='lat' dir='ltr'><strong>actum</strong></span> <span class='ocrx_word' id='word_1_24' title='bbox 1121 1032 1521 1118; x_wconf 73' lang='lat' dir='ltr'><strong>Pompejum</strong></span> <span class='ocrx_word' id='word_1_25' title='bbox 1558 1033 1649 1097; x_wconf 86' lang='lat' dir='ltr'><strong>ab</strong></span> <span class='ocrx_word' id='word_1_26' title='bbox 1692 1035 2081 1101; x_wconf 79' lang='lat' dir='ltr'><strong>Octaviano</strong></span> <span class='ocrx_word' id='word_1_27' title='bbox 2131 1036 2365 1103; x_wconf 86' lang='lat' dir='ltr'><strong>consti-</strong></span> 
     </span>
     <span class='ocr_line' id='line_1_6' title="bbox 859 1126 2373 1199; baseline 0.002 -3"><span class='ocrx_word' id='word_1_28' title='bbox 859 1126 1350 1196; x_wconf 68' lang='lat' dir='ltr'><strong>tutoaausuros</strong></span> <span class='ocrx_word' id='word_1_29' title='bbox 1390 1149 1528 1193; x_wconf 88' lang='lat' dir='ltr'><strong>non</strong></span> <span class='ocrx_word' id='word_1_30' title='bbox 1588 1127 1779 1194; x_wconf 87' lang='lat' dir='ltr'><strong>fuiss&#39;e</strong></span> <span class='ocrx_word' id='word_1_31' title='bbox 1834 1150 1988 1196; x_wconf 89' lang='lat' dir='ltr'><strong>cum</strong></span> <span class='ocrx_word' id='word_1_32' title='bbox 2071 1135 2373 1199; x_wconf 81' lang='lat' dir='ltr'><strong>Antonio</strong></span> 
     </span>
     <span class='ocr_line' id='line_1_7' title="bbox 860 1219 2377 1312; baseline 0.001 -19"><span class='ocrx_word' id='word_1_33' title='bbox 860 1225 1120 1293; x_wconf 81' lang='lat' dir='ltr'><strong>sociare</strong></span> <span class='ocrx_word' id='word_1_34' title='bbox 1205 1219 1669 1309; x_wconf 85' lang='lat' dir='ltr'><strong>Cleopatram·</strong></span> <span class='ocrx_word' id='word_1_35' title='bbox 1719 1227 2029 1312; x_wconf 82' lang='lat' dir='ltr'><strong>neglecta</strong></span> <span class='ocrx_word' id='word_1_36' title='bbox 2076 1230 2377 1295; x_wconf 78' lang='lat' dir='ltr'><strong>Octavia</strong></span> 
     </span>
     <span class='ocr_line' id='line_1_8' title="bbox 859 1318 2371 1412; baseline 0.004 -27"><span class='ocrx_word' id='word_1_37' title='bbox 859 1319 1137 1412; x_wconf 84' lang='lat' dir='ltr'><strong>patroni</strong></span> <span class='ocrx_word' id='word_1_38' title='bbox 1193 1318 1287 1382; x_wconf 87' lang='lat' dir='ltr'><strong>sui</strong></span> <span class='ocrx_word' id='word_1_39' title='bbox 1345 1320 1593 1387; x_wconf 87' lang='lat' dir='ltr'><strong>sorore.</strong></span> <span class='ocrx_word' id='word_1_40' title='bbox 1691 1321 1840 1385; x_wconf 73' lang='lat' dir='ltr'><strong>Hos</strong></span> <span class='ocrx_word' id='word_1_41' title='bbox 1895 1324 2074 1409; x_wconf 83' lang='lat' dir='ltr'><strong>ipsos</strong></span> <span class='ocrx_word' id='word_1_42' title='bbox 2143 1337 2371 1391; x_wconf 86' lang='lat' dir='ltr'><strong>autem</strong></span> 
     </span>
     <span class='ocr_line' id='line_1_9' title="bbox 858 1411 2371 1506; baseline 0.002 -24"><span class='ocrx_word' id='word_1_43' title='bbox 858 1428 1213 1506; x_wconf 73' lang='lat' dir='ltr'><strong>praetores</strong></span> <span class='ocrx_word' id='word_1_44' title='bbox 1242 1411 1434 1479; x_wconf 80' lang='lat' dir='ltr'><strong>fuiil&#39;e</strong></span> <span class='ocrx_word' id='word_1_45' title='bbox 1463 1415 1737 1481; x_wconf 79' lang='lat' dir='ltr'><strong>Siciliae</strong></span> <span class='ocrx_word' id='word_1_46' title='bbox 1773 1417 2167 1503; x_wconf 72' lang='lat' dir='ltr'>praefectos</span> <span class='ocrx_word' id='word_1_47' title='bbox 2191 1468 2212 1502; x_wconf 93' lang='lat'><strong>,</strong></span> <span class='ocrx_word' id='word_1_48' title='bbox 2264 1441 2371 1485; x_wconf 91' lang='lat' dir='ltr'><strong>ar·</strong></span> 
     </span>
     <span class='ocr_line' id='line_1_10' title="bbox 864 1516 2368 1603; baseline 0.005 -26"><span class='ocrx_word' id='word_1_49' title='bbox 864 1534 1067 1601; x_wconf 79' lang='lat' dir='ltr'><strong>guere</strong></span> <span class='ocrx_word' id='word_1_50' title='bbox 1093 1517 1534 1600; x_wconf 79' lang='lat' dir='ltr'><strong>triquetram,</strong></span> <span class='ocrx_word' id='word_1_51' title='bbox 1585 1532 2036 1599; x_wconf 85' lang='lat' dir='ltr'><strong>numumque,</strong></span> <span class='ocrx_word' id='word_1_52' title='bbox 2103 1516 2177 1581; x_wconf 89' lang='lat' dir='ltr'><strong>in</strong></span> <span class='ocrx_word' id='word_1_53' title='bbox 2232 1539 2368 1603; x_wconf 89' lang='lat' dir='ltr'><strong>quo</strong></span> 
     </span>
     <span class='ocr_line' id='line_1_11' title="bbox 800 1607 2370 1697; baseline -0.004 -22"><span class='ocrx_word' id='word_1_54' title='bbox 800 1650 805 1655; x_wconf 91' lang='lat'>·</span> <span class='ocrx_word' id='word_1_55' title='bbox 858 1611 1143 1675; x_wconf 77' lang='lat' dir='ltr'><strong>Bibulus</strong></span> <span class='ocrx_word' id='word_1_56' title='bbox 1161 1611 1407 1676; x_wconf 86' lang='lat' dir='ltr'><strong>dicitur</strong></span> <span class='ocrx_word' id='word_1_57' title='bbox 1437 1607 2158 1697; x_wconf 67' lang='lat' dir='ltr'><strong>PRocoaequsIciliae.</strong></span> <span class='ocrx_word' id='word_1_58' title='bbox 2208 1616 2370 1680; x_wconf 78' lang='lat' dir='ltr'><strong>om.</strong></span> 
     </span>
     <span class='ocr_line' id='line_1_12' title="bbox 834 1705 2369 1789; baseline -0.001 -14"><span class='ocrx_word' id='word_1_59' title='bbox 834 1706 977 1775; x_wconf 42' lang='lat' dir='ltr'><strong>,nia</strong></span> <span class='ocrx_word' id='word_1_60' title='bbox 1017 1706 1087 1768; x_wconf 91' lang='lat' dir='ltr'><strong>in</strong></span> <span class='ocrx_word' id='word_1_61' title='bbox 1131 1705 1262 1769; x_wconf 89' lang='lat' dir='ltr'><strong>bac</strong></span> <span class='ocrx_word' id='word_1_62' title='bbox 1299 1707 1612 1770; x_wconf 86' lang='lat' dir='ltr'><strong>oratione</strong></span> <span class='ocrx_word' id='word_1_63' title='bbox 1653 1706 1832 1770; x_wconf 90' lang='lat' dir='ltr'><strong>male</strong></span> <span class='ocrx_word' id='word_1_64' title='bbox 1870 1707 2312 1773; x_wconf 61' lang='lat' dir='ltr'><strong>cohaerentia</strong></span> <span class='ocrx_word' id='word_1_65' title='bbox 2344 1757 2369 1789; x_wconf 85' lang='lat'>‚</span> 
     </span>
     <span class='ocr_line' id='line_1_13' title="bbox 857 1798 2369 1891; baseline 0.002 -24"><span class='ocrx_word' id='word_1_66' title='bbox 857 1811 1003 1867; x_wconf 81' lang='lat' dir='ltr'><strong>tum</strong></span> <span class='ocrx_word' id='word_1_67' title='bbox 1038 1812 1275 1886; x_wconf 82' lang='lat' dir='ltr'><strong>aperte</strong></span> <span class='ocrx_word' id='word_1_68' title='bbox 1312 1800 1502 1866; x_wconf 82' lang='lat' dir='ltr'><strong>falsa.</strong></span> <span class='ocrx_word' id='word_1_69' title='bbox 1599 1798 1839 1866; x_wconf 81' lang='lat' dir='ltr'><strong>Trium</strong></span> <span class='ocrx_word' id='word_1_70' title='bbox 1856 1849 1876 1880; x_wconf 91' lang='lat'><strong>,</strong></span> <span class='ocrx_word' id='word_1_71' title='bbox 1927 1813 2004 1865; x_wconf 88' lang='lat' dir='ltr'><strong>ut</strong></span> <span class='ocrx_word' id='word_1_72' title='bbox 2031 1804 2101 1867; x_wconf 89' lang='lat' dir='ltr'><strong>in</strong></span> <span class='ocrx_word' id='word_1_73' title='bbox 2125 1805 2369 1891; x_wconf 79' lang='lat' dir='ltr'><strong>praefi-</strong></span> 
     </span>
     <span class='ocr_line' id='line_1_14' title="bbox 859 1897 2366 1988; baseline 0.003 -26"><span class='ocrx_word' id='word_1_74' title='bbox 859 1915 957 1962; x_wconf 80' lang='lat' dir='ltr'><strong>xo</strong></span> <span class='ocrx_word' id='word_1_75' title='bbox 998 1897 1319 1982; x_wconf 81' lang='lat' dir='ltr'><strong>catalogo</strong></span> <span class='ocrx_word' id='word_1_76' title='bbox 1347 1900 1685 1982; x_wconf 74' lang='lat' dir='ltr'><strong>vidimus,</strong></span> <span class='ocrx_word' id='word_1_77' title='bbox 1731 1899 2067 1965; x_wconf 74' lang='lat' dir='ltr'><strong>babemus</strong></span> <span class='ocrx_word' id='word_1_78' title='bbox 2094 1915 2366 1988; x_wconf 82' lang='lat' dir='ltr'><strong>praeto·</strong></span> 
     </span>
     <span class='ocr_line' id='line_1_15' title="bbox 856 1992 2362 2084; baseline -0.001 -21"><span class='ocrx_word' id='word_1_79' title='bbox 856 2012 1009 2063; x_wconf 73' lang='lat' dir='ltr'><strong>tum</strong></span> <span class='ocrx_word' id='word_1_80' title='bbox 1043 2011 1284 2060; x_wconf 74' lang='lat' dir='ltr'><strong>numos</strong></span> <span class='ocrx_word' id='word_1_81' title='bbox 1320 1997 1652 2079; x_wconf 85' lang='lat' dir='ltr'><strong>triquetra</strong></span> <span class='ocrx_word' id='word_1_82' title='bbox 1699 1992 1979 2082; x_wconf 81' lang='lat' dir='ltr'><strong>infignes</strong></span> <span class='ocrx_word' id='word_1_83' title='bbox 2003 2044 2027 2080; x_wconf 91' lang='lat'><strong><em>‚</em></strong></span> <span class='ocrx_word' id='word_1_84' title='bbox 2098 2000 2310 2084; x_wconf 86' lang='lat' dir='ltr'><strong>Oppii</strong></span> <span class='ocrx_word' id='word_1_85' title='bbox 2341 2047 2362 2080; x_wconf 87' lang='lat'><strong>,</strong></span> 
     </span>
     <span class='ocr_line' id='line_1_16' title="bbox 856 2090 2363 2182; baseline 0.003 -26"><span class='ocrx_word' id='word_1_86' title='bbox 856 2092 1189 2176; x_wconf 74' lang='lat' dir='ltr'><strong>Atratini,</strong></span> <span class='ocrx_word' id='word_1_87' title='bbox 1239 2090 1468 2155; x_wconf 88' lang='lat' dir='ltr'><strong>Bibuli</strong></span> <span class='ocrx_word' id='word_1_88' title='bbox 1495 2138 1515 2170; x_wconf 86' lang='lat'><strong>,</strong></span> <span class='ocrx_word' id='word_1_89' title='bbox 1568 2111 1740 2177; x_wconf 79' lang='lat' dir='ltr'><strong>quoa</strong></span> <span class='ocrx_word' id='word_1_90' title='bbox 1780 2109 2015 2156; x_wconf 72' lang='lat' dir='ltr'><strong>omnes</strong></span> <span class='ocrx_word' id='word_1_91' title='bbox 2075 2092 2119 2158; x_wconf 82' lang='lat' dir='ltr'><strong>si</strong></span> <span class='ocrx_word' id='word_1_92' title='bbox 2166 2114 2363 2182; x_wconf 83' lang='lat' dir='ltr'><strong>prae·</strong></span> 
     </span>
     <span class='ocr_line' id='line_1_17' title="bbox 850 2186 2360 2279; baseline 0.001 -26"><span class='ocrx_word' id='word_1_93' title='bbox 850 2199 1036 2253; x_wconf 73' lang='lat' dir='ltr'><strong>tores</strong></span> <span class='ocrx_word' id='word_1_94' title='bbox 1072 2187 1346 2253; x_wconf 77' lang='lat' dir='ltr'><strong>Siciliae</strong></span> <span class='ocrx_word' id='word_1_95' title='bbox 1381 2186 1667 2279; x_wconf 73' lang='lat' dir='ltr'><strong>statuas,</strong></span> <span class='ocrx_word' id='word_1_96' title='bbox 1715 2188 1972 2253; x_wconf 77' lang='lat' dir='ltr'><strong>necess&#39;e</strong></span> <span class='ocrx_word' id='word_1_97' title='bbox 2006 2191 2135 2254; x_wconf 82' lang='lat' dir='ltr'><strong>erit</strong></span> <span class='ocrx_word' id='word_1_98' title='bbox 2166 2189 2360 2255; x_wconf 80' lang='lat' dir='ltr'><strong>statu-</strong></span> 
     </span>
     <span class='ocr_line' id='line_1_18' title="bbox 853 2283 2362 2375; baseline 0.003 -26"><span class='ocrx_word' id='word_1_99' title='bbox 853 2298 968 2349; x_wconf 75' lang='lat' dir='ltr'><strong>ere</strong></span> <span class='ocrx_word' id='word_1_100' title='bbox 997 2283 1241 2365; x_wconf 77' lang='lat' dir='ltr'><strong>etiam,</strong></span> <span class='ocrx_word' id='word_1_101' title='bbox 1288 2283 1479 2350; x_wconf 75' lang='lat' dir='ltr'><strong>fuiss&#39;e</strong></span> <span class='ocrx_word' id='word_1_102' title='bbox 1520 2302 1757 2349; x_wconf 73' lang='lat' dir='ltr'><strong>omnes</strong></span> <span class='ocrx_word' id='word_1_103' title='bbox 1796 2298 1936 2350; x_wconf 70' lang='lat' dir='ltr'><strong>tren</strong></span> <span class='ocrx_word' id='word_1_104' title='bbox 1993 2291 2136 2372; x_wconf 70' lang='lat' dir='ltr'><strong>eius</strong></span> <span class='ocrx_word' id='word_1_105' title='bbox 2202 2309 2362 2375; x_wconf 82' lang='lat' dir='ltr'><strong>pro·</strong></span> 
     </span>
     <span class='ocr_line' id='line_1_19' title="bbox 849 2378 2362 2472; baseline 0.003 -28"><span class='ocrx_word' id='word_1_106' title='bbox 849 2378 1119 2444; x_wconf 74' lang='lat' dir='ltr'><strong>vinciae</strong></span> <span class='ocrx_word' id='word_1_107' title='bbox 1162 2395 1513 2468; x_wconf 74' lang='lat' dir='ltr'><strong>praetores</strong></span> <span class='ocrx_word' id='word_1_108' title='bbox 1547 2400 1683 2446; x_wconf 88' lang='lat' dir='ltr'><strong>uno</strong></span> <span class='ocrx_word' id='word_1_109' title='bbox 1758 2383 2133 2472; x_wconf 83' lang='lat' dir='ltr'><strong>eodemque</strong></span> <span class='ocrx_word' id='word_1_110' title='bbox 2181 2403 2362 2448; x_wconf 91' lang='lat' dir='ltr'><strong>anno</strong></span> 
     </span>
     <span class='ocr_line' id='line_1_20' title="bbox 846 2473 2359 2564; baseline 0.003 -24"><span class='ocrx_word' id='word_1_111' title='bbox 846 2475 935 2550; x_wconf 80' lang='lat' dir='ltr'><strong>V.</strong></span> <span class='ocrx_word' id='word_1_112' title='bbox 985 2473 1063 2551; x_wconf 81' lang='lat' dir='ltr'><strong>C,</strong></span> <span class='ocrx_word' id='word_1_113' title='bbox 1102 2497 1239 2562; x_wconf 82' lang='lat'><strong>719</strong></span> <span class='ocrx_word' id='word_1_114' title='bbox 1265 2527 1285 2557; x_wconf 90' lang='lat'><strong>,</strong></span> <span class='ocrx_word' id='word_1_115' title='bbox 1338 2497 1474 2542; x_wconf 93' lang='lat' dir='ltr'><strong>non</strong></span> <span class='ocrx_word' id='word_1_116' title='bbox 1507 2480 1734 2564; x_wconf 74' lang='lat' dir='ltr'><strong>prius,</strong></span> <span class='ocrx_word' id='word_1_117' title='bbox 1760 2478 1947 2542; x_wconf 84' lang='lat' dir='ltr'><strong>&#39;nam</strong></span> <span class='ocrx_word' id='word_1_118' title='bbox 1982 2483 2139 2545; x_wconf 79' lang='lat' dir='ltr'><strong>Sex.</strong></span> <span class='ocrx_word' id='word_1_119' title='bbox 2161 2481 2359 2544; x_wconf 76' lang='lat' dir='ltr'><strong>Pom.</strong></span> 
     </span>
     <span class='ocr_line' id='line_1_21' title="bbox 846 2573 2360 2661; baseline 0.003 -27"><span class='ocrx_word' id='word_1_120' title='bbox 846 2573 1040 2659; x_wconf 73' lang='lat' dir='ltr'><strong>pejus</strong></span> <span class='ocrx_word' id='word_1_121' title='bbox 1067 2573 1320 2640; x_wconf 82' lang='lat' dir='ltr'><strong>nonnili</strong></span> <span class='ocrx_word' id='word_1_122' title='bbox 1362 2587 1647 2640; x_wconf 79' lang='lat' dir='ltr'><strong>exeunte</strong></span> <span class='ocrx_word' id='word_1_123' title='bbox 1676 2594 1855 2640; x_wconf 89' lang='lat' dir='ltr'><strong>anno</strong></span> <span class='ocrx_word' id='word_1_124' title='bbox 1906 2575 2360 2661; x_wconf 78' lang='lat' dir='ltr'><strong>praecedente</strong></span> 
     </span>
     <span class='ocr_line' id='line_1_22' title="bbox 848 2668 2366 2753; baseline 0.005 -23"><span class='ocrx_word' id='word_1_125' title='bbox 848 2679 986 2751; x_wconf 80' lang='lat'><strong>718</strong></span> <span class='ocrx_word' id='word_1_126' title='bbox 1038 2670 1259 2734; x_wconf 81' lang='lat' dir='ltr'><strong>victus</strong></span> <span class='ocrx_word' id='word_1_127' title='bbox 1299 2690 1421 2753; x_wconf 87' lang='lat' dir='ltr'><strong>per</strong></span> <span class='ocrx_word' id='word_1_128' title='bbox 1456 2668 1609 2733; x_wconf 74' lang='lat' dir='ltr'><strong>suos</strong></span> <span class='ocrx_word' id='word_1_129' title='bbox 1651 2681 1854 2734; x_wconf 86' lang='lat' dir='ltr'><strong>antea</strong></span> <span class='ocrx_word' id='word_1_130' title='bbox 1909 2671 2222 2737; x_wconf 76' lang='lat' dir='ltr'><strong>homines</strong></span> <span class='ocrx_word' id='word_1_131' title='bbox 2264 2672 2366 2739; x_wconf 88' lang='lat' dir='ltr'><strong>in·’</strong></span> 
     </span>
     <span class='ocr_line' id='line_1_23' title="bbox 844 2760 2358 2855; baseline 0.007 -31"><span class='ocrx_word' id='word_1_132' title='bbox 844 2760 1027 2825; x_wconf 73' lang='lat' dir='ltr'><strong>lblae</strong></span> <span class='ocrx_word' id='word_1_133' title='bbox 1068 2784 1176 2828; x_wconf 73' lang='lat' dir='ltr'><strong>rea</strong></span> <span class='ocrx_word' id='word_1_134' title='bbox 1217 2766 1650 2849; x_wconf 83' lang='lat' dir='ltr'><strong>procuravit,</strong></span> <span class='ocrx_word' id='word_1_135' title='bbox 1702 2761 2149 2855; x_wconf 51' lang='lat' dir='ltr'><strong>non‘postea,</strong></span> <span class='ocrx_word' id='word_1_136' title='bbox 2198 2790 2358 2834; x_wconf 86' lang='lat' dir='ltr'><strong>nam</strong></span> 
     </span>
     <span class='ocr_line' id='line_1_24' title="bbox 848 2857 2360 2952; baseline 0.007 -32"><span class='ocrx_word' id='word_1_137' title='bbox 848 2873 1030 2920; x_wconf 87' lang='lat' dir='ltr'><strong>anno</strong></span> <span class='ocrx_word' id='word_1_138' title='bbox 1069 2857 1381 2944; x_wconf 87' lang='lat' dir='ltr'><strong>sequente</strong></span> <span class='ocrx_word' id='word_1_139' title='bbox 1433 2863 1768 2936; x_wconf 74' lang='lat' dir='ltr'><strong>Antonius</strong></span> <span class='ocrx_word' id='word_1_140' title='bbox 1831 2868 1972 2949; x_wconf 86' lang='lat' dir='ltr'><strong>jam</strong></span> <span class='ocrx_word' id='word_1_141' title='bbox 2034 2866 2360 2952; x_wconf 80' lang='lat' dir='ltr'><strong>processit</strong></span> 
     </span>
     <span class='ocr_line' id='line_1_25' title="bbox 843 2950 2355 3030; baseline 0.006 -12"><span class='ocrx_word' id='word_1_142' title='bbox 843 2950 1071 3018; x_wconf 83' lang='lat' dir='ltr'><strong>consul</strong></span> <span class='ocrx_word' id='word_1_143' title='bbox 1108 2951 1239 3030; x_wconf 84' lang='lat'><strong>11.;</strong></span> <span class='ocrx_word' id='word_1_144' title='bbox 1289 2969 1363 3019; x_wconf 89' lang='lat' dir='ltr'><strong>at</strong></span> <span class='ocrx_word' id='word_1_145' title='bbox 1396 2958 1464 3021; x_wconf 91' lang='lat' dir='ltr'><strong>in</strong></span> <span class='ocrx_word' id='word_1_146' title='bbox 1514 2953 1820 3024; x_wconf 83' lang='lat' dir='ltr'><strong>&#39;omnium</strong></span> <span class='ocrx_word' id='word_1_147' title='bbox 1864 2957 2106 3026; x_wconf 83' lang='lat' dir='ltr'><strong>horum</strong></span> <span class='ocrx_word' id='word_1_148' title='bbox 2151 2963 2355 3027; x_wconf 89' lang='lat' dir='ltr'><strong>trium</strong></span> 
     </span>
     <span class='ocr_line' id='line_1_26' title="bbox 844 3051 2357 3126; baseline 0.007 -15"><span class='ocrx_word' id='word_1_149' title='bbox 844 3051 1067 3114; x_wconf 83' lang='lat' dir='ltr'><strong>numis</strong></span> <span class='ocrx_word' id='word_1_150' title='bbox 1125 3064 1400 3116; x_wconf 86' lang='lat' dir='ltr'><strong>notatur</strong></span> <span class='ocrx_word' id='word_1_151' title='bbox 1454 3053 1834 3119; x_wconf 77' lang='lat' dir='ltr'><strong>consulatus</strong></span> <span class='ocrx_word' id='word_1_152' title='bbox 1890 3057 1979 3126; x_wconf 85' lang='lat'><strong>11.</strong></span> <span class='ocrx_word' id='word_1_153' title='bbox 2055 3059 2357 3121; x_wconf 85' lang='lat' dir='ltr'><strong>nondum</strong></span> 
     </span>
     <span class='ocr_line' id='line_1_27' title="bbox 839 3142 2354 3233; baseline 0.009 -26"><span class='ocrx_word' id='word_1_154' title='bbox 839 3142 1089 3225; x_wconf 71' lang='lat' dir='ltr'><strong>initus,</strong></span> <span class='ocrx_word' id='word_1_155' title='bbox 1144 3166 1390 3233; x_wconf 84' lang='lat' dir='ltr'><strong>nempe</strong></span> <span class='ocrx_word' id='word_1_156' title='bbox 1438 3145 1631 3214; x_wconf 85' lang='lat' dir='ltr'><strong>COS.</strong></span> <span class='ocrx_word' id='word_1_157' title='bbox 1682 3150 1875 3216; x_wconf 89' lang='lat' dir='ltr'><strong>DES.</strong></span> <span class='ocrx_word' id='word_1_158' title='bbox 1923 3151 2163 3217; x_wconf 85' lang='lat' dir='ltr'><strong>ITER.</strong></span> <span class='ocrx_word' id='word_1_159' title='bbox 2210 3153 2354 3220; x_wconf 87' lang='lat' dir='ltr'><strong>ET.</strong></span> 
     </span>
     <span class='ocr_line' id='line_1_28' title="bbox 843 3237 2354 3330; baseline 0.007 -29"><span class='ocrx_word' id='word_1_160' title='bbox 843 3237 1051 3304; x_wconf 83' lang='lat' dir='ltr'><strong>TER.</strong></span> <span class='ocrx_word' id='word_1_161' title='bbox 1151 3243 1229 3308; x_wconf 82' lang='lat' dir='ltr'><strong>In</strong></span> <span class='ocrx_word' id='word_1_162' title='bbox 1262 3263 1468 3309; x_wconf 86' lang='lat' dir='ltr'><strong>unum</strong></span> <span class='ocrx_word' id='word_1_163' title='bbox 1503 3266 1668 3312; x_wconf 78' lang='lat' dir='ltr'><strong>vero</strong></span> <span class='ocrx_word' id='word_1_164' title='bbox 1708 3267 1959 3330; x_wconf 76' lang='lat' dir='ltr'><strong>annum</strong></span> <span class='ocrx_word' id='word_1_165' title='bbox 1994 3260 2130 3312; x_wconf 80' lang='lat' dir='ltr'><strong>trea</strong></span> <span class='ocrx_word' id='word_1_166' title='bbox 2175 3248 2354 3312; x_wconf 78' lang='lat' dir='ltr'><strong>vari·</strong></span> 
     </span>
     <span class='ocr_line' id='line_1_29' title="bbox 840 3340 2353 3429; baseline 0.005 -33"><span class='ocrx_word' id='word_1_167' title='bbox 840 3352 918 3397; x_wconf 77' lang='lat' dir='ltr'><strong>os</strong></span> <span class='ocrx_word' id='word_1_168' title='bbox 961 3341 1302 3427; x_wconf 69' lang='lat' dir='ltr'><strong>compingi</strong></span> <span class='ocrx_word' id='word_1_169' title='bbox 1341 3354 1736 3429; x_wconf 79' lang='lat' dir='ltr'><strong>praetores,</strong></span> <span class='ocrx_word' id='word_1_170' title='bbox 1787 3366 1876 3409; x_wconf 89' lang='lat' dir='ltr'><strong>an</strong></span> <span class='ocrx_word' id='word_1_171' title='bbox 1934 3363 2071 3408; x_wconf 85' lang='lat' dir='ltr'><strong>non</strong></span> <span class='ocrx_word' id='word_1_172' title='bbox 2127 3340 2353 3406; x_wconf 84' lang='lat' dir='ltr'><strong>absur-</strong></span> 
     </span>
     <span class='ocr_line' id='line_1_30' title="bbox 840 3429 2354 3526; baseline 0.005 -33"><span class='ocrx_word' id='word_1_173' title='bbox 840 3429 1002 3496; x_wconf 85' lang='lat' dir='ltr'><strong>dum</strong></span> <span class='ocrx_word' id='word_1_174' title='bbox 1031 3436 1061 3498; x_wconf 64' lang='lat'><em>2</em></span> <span class='ocrx_word' id='word_1_175' title='bbox 1131 3441 1264 3517; x_wconf 83' lang='lat' dir='ltr'><strong>A‘t,</strong></span> <span class='ocrx_word' id='word_1_176' title='bbox 1300 3440 1586 3524; x_wconf 78' lang='lat' dir='ltr'><strong>‘inquit,</strong></span> <span class='ocrx_word' id='word_1_177' title='bbox 1670 3442 2025 3526; x_wconf 65' lang='lat' dir='ltr'><strong>triquetra¹</strong></span> <span class='ocrx_word' id='word_1_178' title='bbox 2078 3437 2354 3503; x_wconf 84' lang='lat' dir='ltr'><strong>Siciliae</strong></span> 
     </span>
     <span class='ocr_line' id='line_1_31' title="bbox 738 3524 2355 3624; baseline 0.004 -34"><span class='ocrx_word' id='word_1_179' title='bbox 738 3569 745 3580; x_wconf 80' lang='lat'><em>-</em></span> <span class='ocrx_word' id='word_1_180' title='bbox 839 3543 1189 3613; x_wconf 71' lang='lat' dir='ltr'><strong>praetores</strong></span> <span class='ocrx_word' id='word_1_181' title='bbox 1226 3533 1414 3598; x_wconf 86' lang='lat' dir='ltr'><strong>haud</strong></span> <span class='ocrx_word' id='word_1_182' title='bbox 1464 3524 1670 3600; x_wconf 86' lang='lat' dir='ltr'><strong>dubie</strong></span> <span class='ocrx_word' id='word_1_183' title='bbox 1727 3537 1964 3624; x_wconf 86' lang='lat' dir='ltr'><strong>arguit.</strong></span> <span class='ocrx_word' id='word_1_184' title='bbox 2079 3534 2183 3597; x_wconf 87' lang='lat' dir='ltr'><strong>En</strong></span> <span class='ocrx_word' id='word_1_185' title='bbox 2223 3532 2355 3599; x_wconf 86' lang='lat' dir='ltr'><strong>tibi</strong></span> 
     </span>
     <span class='ocr_line' id='line_1_32' title="bbox 836 3622 2351 3714; baseline 0.005 -29"><span class='ocrx_word' id='word_1_186' title='bbox 836 3622 1215 3707; x_wconf 79' lang='lat' dir='ltr'><strong>symbolum</strong></span> <span class='ocrx_word' id='word_1_187' title='bbox 1263 3631 1479 3694; x_wconf 85' lang='lat' dir='ltr'><strong>hocce</strong></span> <span class='ocrx_word' id='word_1_188' title='bbox 1535 3629 1820 3695; x_wconf 82' lang='lat' dir='ltr'><strong>fatalem</strong></span> <span class='ocrx_word' id='word_1_189' title='bbox 1871 3632 2061 3695; x_wconf 90' lang='lat' dir='ltr'><strong>illum</strong></span> <span class='ocrx_word' id='word_1_190' title='bbox 2112 3628 2351 3714; x_wconf 87' lang='lat' dir='ltr'><strong>scopu-</strong></span> 
     </span>
     <span class='ocr_line' id='line_1_33' title="bbox 838 3717 2350 3810; baseline 0.002 -27"><span class='ocrx_word' id='word_1_191' title='bbox 838 3717 1020 3801; x_wconf 88' lang='lat' dir='ltr'><strong>lum,</strong></span> <span class='ocrx_word' id='word_1_192' title='bbox 1070 3727 1139 3789; x_wconf 89' lang='lat' dir='ltr'><strong>in</strong></span> <span class='ocrx_word' id='word_1_193' title='bbox 1173 3743 1309 3810; x_wconf 88' lang='lat' dir='ltr'><strong>quo</strong></span> <span class='ocrx_word' id='word_1_194' title='bbox 1342 3726 1574 3788; x_wconf 79' lang='lat' dir='ltr'><strong>navim</strong></span> <span class='ocrx_word' id='word_1_195' title='bbox 1611 3727 1892 3790; x_wconf 88' lang='lat' dir='ltr'><strong>adlisere</strong></span> <span class='ocrx_word' id='word_1_196' title='bbox 1919 3726 2048 3790; x_wconf 81' lang='lat' dir='ltr'><strong>viri</strong></span> <span class='ocrx_word' id='word_1_197' title='bbox 2088 3723 2350 3803; x_wconf 83' lang='lat' dir='ltr'><strong>summi,</strong></span> 
     </span>
     <span class='ocr_line' id='line_1_34' title="bbox 833 3812 2353 3902; baseline 0.003 -24"><span class='ocrx_word' id='word_1_198' title='bbox 833 3812 1337 3902; x_wconf 70' lang='lat' dir='ltr'><strong>spanhemius,</strong></span> <span class='ocrx_word' id='word_1_199' title='bbox 1404 3822 1853 3899; x_wconf 77' lang='lat' dir='ltr'><strong>Vaillantius,</strong></span> <span class='ocrx_word' id='word_1_200' title='bbox 1924 3821 2353 3887; x_wconf 78' lang='lat' dir='ltr'><strong>Havercam-</strong></span> 
     </span>
     <span class='ocr_line' id='line_1_35' title="bbox 836 3915 2349 4002; baseline 0.001 -26"><span class='ocrx_word' id='word_1_201' title='bbox 836 3927 1006 3994; x_wconf 73' lang='lat' dir='ltr'><strong>pue,</strong></span> <span class='ocrx_word' id='word_1_202' title='bbox 1061 3915 1525 3996; x_wconf 66' lang='lat' dir='ltr'><strong>MazzolenuS,</strong></span> <span class='ocrx_word' id='word_1_203' title='bbox 1577 3918 1826 4002; x_wconf 84' lang='lat' dir='ltr'><strong>aliique</strong></span> <span class='ocrx_word' id='word_1_204' title='bbox 1862 3937 2135 3993; x_wconf 71' lang='lat' dir='ltr'><strong>omneS,</strong></span> <span class='ocrx_word' id='word_1_205' title='bbox 2188 3916 2349 3979; x_wconf 86' lang='lat' dir='ltr'><strong>dum</strong></span> 
     </span>
     <span class='ocr_line' id='line_1_36' title="bbox 835 4010 2347 4079; baseline -0.003 0"><span class='ocrx_word' id='word_1_206' title='bbox 835 4031 919 4079; x_wconf 92' lang='lat' dir='ltr'><strong>eo</strong></span> <span class='ocrx_word' id='word_1_207' title='bbox 960 4010 1132 4078; x_wconf 86' lang='lat' dir='ltr'><strong>duce</strong></span> <span class='ocrx_word' id='word_1_208' title='bbox 1174 4016 1394 4076; x_wconf 84' lang='lat' dir='ltr'><strong>numis</strong></span> <span class='ocrx_word' id='word_1_209' title='bbox 1423 4013 1531 4078; x_wconf 77' lang='lat' dir='ltr'><strong>his</strong></span> <span class='ocrx_word' id='word_1_210' title='bbox 1580 4013 1886 4079; x_wconf 84' lang='lat' dir='ltr'><strong>Siciliam</strong></span> <span class='ocrx_word' id='word_1_211' title='bbox 1944 4011 2178 4077; x_wconf 86' lang='lat' dir='ltr'><strong>natale</strong></span> <span class='ocrx_word' id='word_1_212' title='bbox 2247 4010 2347 4074; x_wconf 86' lang='lat' dir='ltr'><strong>so·</strong></span> 
     </span>
     <span class='ocr_line' id='line_1_37' title="bbox 832 4105 2348 4197; baseline -0.005 -21"><span class='ocrx_word' id='word_1_213' title='bbox 832 4111 974 4176; x_wconf 90' lang='lat' dir='ltr'><strong>lum</strong></span> <span class='ocrx_word' id='word_1_214' title='bbox 1017 4107 1375 4197; x_wconf 85' lang='lat' dir='ltr'><strong>imputant.</strong></span> <span class='ocrx_word' id='word_1_215' title='bbox 1477 4109 1706 4187; x_wconf 81' lang='lat' dir='ltr'><strong>Novi,</strong></span> <span class='ocrx_word' id='word_1_216' title='bbox 1768 4111 2170 4194; x_wconf 85' lang='lat' dir='ltr'><strong>triquetram</strong></span> <span class='ocrx_word' id='word_1_217' title='bbox 2219 4105 2348 4169; x_wconf 81' lang='lat' dir='ltr'><strong>ess&#39;e</strong></span> 
     </span>
     <span class='ocr_line' id='line_1_38' title="bbox 837 4203 2349 4291; baseline -0.005 -20"><span class='ocrx_word' id='word_1_218' title='bbox 837 4203 1186 4291; x_wconf 77' lang='lat' dir='ltr'><strong>vulgatum</strong></span> <span class='ocrx_word' id='word_1_219' title='bbox 1225 4204 1497 4268; x_wconf 83' lang='lat' dir='ltr'><strong>Siciliae</strong></span> <span class='ocrx_word' id='word_1_220' title='bbox 1552 4203 1936 4290; x_wconf 66' lang='lat' dir='ltr'><strong>symbol-um</strong></span> <span class='ocrx_word' id='word_1_221' title='bbox 1963 4252 1983 4282; x_wconf 89' lang='lat'><strong>,</strong></span> <span class='ocrx_word' id='word_1_222' title='bbox 2066 4214 2142 4266; x_wconf 87' lang='lat' dir='ltr'><strong>at</strong></span> <span class='ocrx_word' id='word_1_223' title='bbox 2209 4219 2349 4265; x_wconf 86' lang='lat' dir='ltr'><strong>non</strong></span> 
     </span>
    </p>
   </div>
   <div class='ocr_carea' id='block_1_3' title="bbox 1942 550 2875 639">
    <p class='ocr_par' dir='ltr' id='par_1_3' title="bbox 1942 550 2875 639">
     <span class='ocr_line' id='line_1_39' title="bbox 1942 550 2875 639; baseline 0.008 -11"><span class='ocrx_word' id='word_1_224' title='bbox 1942 550 2059 629; x_wconf 78' lang='lat' dir='ltr'><strong>M.</strong></span> <span class='ocrx_word' id='word_1_225' title='bbox 2161 550 2875 639; x_wconf 83' lang='lat' dir='ltr'><strong>ANTONIVS.</strong></span> 
     </span>
    </p>
   </div>
   <div class='ocr_carea' id='block_1_4' title="bbox 2431 756 3960 3906">
    <p class='ocr_par' dir='ltr' id='par_1_4' title="bbox 2431 756 3960 3906">
     <span class='ocr_line' id='line_1_40' title="bbox 2454 756 3957 849; baseline 0.008 -28"><span class='ocrx_word' id='word_1_226' title='bbox 2454 758 2742 842; x_wconf 83' lang='lat' dir='ltr'><strong>Aspendi</strong></span> <span class='ocrx_word' id='word_1_227' title='bbox 2794 756 3250 844; x_wconf 78' lang='lat' dir='ltr'><strong>Pamphyliae</strong></span> <span class='ocrx_word' id='word_1_228' title='bbox 3275 809 3296 839; x_wconf 91' lang='lat'><strong>,</strong></span> <span class='ocrx_word' id='word_1_229' title='bbox 3369 758 3596 849; x_wconf 76' lang='lat' dir='ltr'><strong>Selgee</strong></span> <span class='ocrx_word' id='word_1_230' title='bbox 3641 760 3957 848; x_wconf 73' lang='lat' dir='ltr'><strong>Pifidiae,</strong></span> 
     </span>
     <span class='ocr_line' id='line_1_41' title="bbox 2449 852 3960 938; baseline 0.01 -25"><span class='ocrx_word' id='word_1_231' title='bbox 2449 852 2831 938; x_wconf 85' lang='lat' dir='ltr'><strong>principum</strong></span> <span class='ocrx_word' id='word_1_232' title='bbox 2896 853 3279 920; x_wconf 81' lang='lat' dir='ltr'><strong>Olbenfium</strong></span> <span class='ocrx_word' id='word_1_233' title='bbox 3332 856 3617 923; x_wconf 83' lang='lat' dir='ltr'><strong>Ciliciae</strong></span> <span class='ocrx_word' id='word_1_234' title='bbox 3674 863 3842 927; x_wconf 80' lang='lat' dir='ltr'><strong>velis</strong></span> <span class='ocrx_word' id='word_1_235' title='bbox 3877 868 3960 928; x_wconf 78' lang='lat' dir='ltr'><strong>in</strong></span> 
     </span>
     <span class='ocr_line' id='line_1_42' title="bbox 2448 947 3959 1036; baseline 0.007 -25"><span class='ocrx_word' id='word_1_236' title='bbox 2448 947 2684 1011; x_wconf 77' lang='lat' dir='ltr'><strong>Sicilia</strong></span> <span class='ocrx_word' id='word_1_237' title='bbox 2723 949 2847 1012; x_wconf 79' lang='lat' dir='ltr'><strong>ell‘e</strong></span> <span class='ocrx_word' id='word_1_238' title='bbox 2890 951 3223 1036; x_wconf 79' lang='lat' dir='ltr'><strong>lignatos,</strong></span> <span class='ocrx_word' id='word_1_239' title='bbox 3273 954 3343 1016; x_wconf 92' lang='lat' dir='ltr'><strong>in</strong></span> <span class='ocrx_word' id='word_1_240' title='bbox 3403 971 3691 1035; x_wconf 83' lang='lat' dir='ltr'><strong>quorum</strong></span> <span class='ocrx_word' id='word_1_241' title='bbox 3747 948 3959 1023; x_wconf 60' lang='lat' dir='ltr'><strong>omni-⁸</strong></span> 
     </span>
     <span class='ocr_line' id='line_1_43' title="bbox 2449 1044 3954 1131; baseline 0.009 -27"><span class='ocrx_word' id='word_1_242' title='bbox 2449 1062 2567 1105; x_wconf 87' lang='lat' dir='ltr'><strong>um</strong></span> <span class='ocrx_word' id='word_1_243' title='bbox 2611 1044 2874 1123; x_wconf 62' lang='lat' dir='ltr'><strong>numia,</strong></span> <span class='ocrx_word' id='word_1_244' title='bbox 2926 1047 3152 1110; x_wconf 80' lang='lat' dir='ltr'><strong>utsuo</strong></span> <span class='ocrx_word' id='word_1_245' title='bbox 3202 1047 3359 1111; x_wconf 89' lang='lat' dir='ltr'><strong>loco</strong></span> <span class='ocrx_word' id='word_1_246' title='bbox 3396 1049 3728 1131; x_wconf 70' lang='lat' dir='ltr'><strong>diximuS,</strong></span> <span class='ocrx_word' id='word_1_247' title='bbox 3777 1054 3954 1117; x_wconf 86' lang='lat' dir='ltr'><strong>lucu-</strong></span> 
     </span>
     <span class='ocr_line' id='line_1_44' title="bbox 2449 1134 3955 1214; baseline 0.007 -13"><span class='ocrx_word' id='word_1_248' title='bbox 2449 1134 2729 1214; x_wconf 84' lang='lat' dir='ltr'><strong>lentam,</strong></span> <span class='ocrx_word' id='word_1_249' title='bbox 2779 1151 2847 1201; x_wconf 90' lang='lat' dir='ltr'><strong>et</strong></span> <span class='ocrx_word' id='word_1_250' title='bbox 2879 1139 3149 1205; x_wconf 89' lang='lat' dir='ltr'><strong>Siculae</strong></span> <span class='ocrx_word' id='word_1_251' title='bbox 3185 1139 3588 1207; x_wconf 68' lang='lat' dir='ltr'><strong>simillimam</strong></span> <span class='ocrx_word' id='word_1_252' title='bbox 3629 1146 3955 1212; x_wconf 70' lang='lat' dir='ltr'><strong>habemus</strong></span> 
     </span>
     <span class='ocr_line' id='line_1_45' title="bbox 2449 1234 3956 1318; baseline 0.009 -23"><span class='ocrx_word' id='word_1_253' title='bbox 2449 1234 2870 1318; x_wconf 82' lang='lat' dir='ltr'><strong>triquetram.</strong></span> <span class='ocrx_word' id='word_1_254' title='bbox 2969 1234 3187 1317; x_wconf 79' lang='lat' dir='ltr'><strong>Novi,</strong></span> <span class='ocrx_word' id='word_1_255' title='bbox 3238 1256 3390 1300; x_wconf 84' lang='lat' dir='ltr'><strong>eam</strong></span> <span class='ocrx_word' id='word_1_256' title='bbox 3446 1238 3515 1302; x_wconf 89' lang='lat' dir='ltr'><strong>in</strong></span> <span class='ocrx_word' id='word_1_257' title='bbox 3565 1241 3811 1306; x_wconf 73' lang='lat' dir='ltr'><strong>Siculis</strong></span> <span class='ocrx_word' id='word_1_258' title='bbox 3843 1263 3956 1308; x_wconf 85' lang='lat' dir='ltr'><strong>no·</strong></span> 
     </span>
     <span class='ocr_line' id='line_1_46' title="bbox 2449 1328 3958 1418; baseline 0.007 -26"><span class='ocrx_word' id='word_1_259' title='bbox 2449 1340 2598 1394; x_wconf 88' lang='lat' dir='ltr'><strong>tare</strong></span> <span class='ocrx_word' id='word_1_260' title='bbox 2631 1330 2767 1392; x_wconf 82' lang='lat' dir='ltr'><strong>tria·</strong></span> <span class='ocrx_word' id='word_1_261' title='bbox 2807 1328 3058 1394; x_wconf 83' lang='lat' dir='ltr'><strong>insulae</strong></span> <span class='ocrx_word' id='word_1_262' title='bbox 3103 1334 3614 1418; x_wconf 85' lang='lat' dir='ltr'><strong>promontoria,</strong></span> <span class='ocrx_word' id='word_1_263' title='bbox 3667 1349 3740 1400; x_wconf 88' lang='lat' dir='ltr'><strong>at</strong></span> <span class='ocrx_word' id='word_1_264' title='bbox 3778 1339 3958 1403; x_wconf 89' lang='lat' dir='ltr'><strong>idem</strong></span> 
     </span>
     <span class='ocr_line' id='line_1_47' title="bbox 2449 1422 3953 1512; baseline 0.009 -27"><span class='ocrx_word' id='word_1_265' title='bbox 2449 1422 2832 1506; x_wconf 76' lang='lat' dir='ltr'><strong>symbolum</strong></span> <span class='ocrx_word' id='word_1_266' title='bbox 2868 1428 2938 1488; x_wconf 88' lang='lat' dir='ltr'><strong>in</strong></span> <span class='ocrx_word' id='word_1_267' title='bbox 2973 1426 3264 1490; x_wconf 88' lang='lat' dir='ltr'><strong>aliarum</strong></span> <span class='ocrx_word' id='word_1_268' title='bbox 3318 1429 3670 1512; x_wconf 85' lang='lat' dir='ltr'><strong>regionum</strong></span> <span class='ocrx_word' id='word_1_269' title='bbox 3734 1435 3953 1497; x_wconf 68' lang='lat' dir='ltr'><strong>numi:</strong></span> 
     </span>
     <span class='ocr_line' id='line_1_48' title="bbox 2451 1513 3955 1606; baseline 0.007 -23"><span class='ocrx_word' id='word_1_270' title='bbox 2451 1513 2639 1584; x_wconf 84' lang='lat' dir='ltr'><strong>aliud</strong></span> <span class='ocrx_word' id='word_1_271' title='bbox 2669 1532 2908 1584; x_wconf 81' lang='lat' dir='ltr'><strong>notare</strong></span> <span class='ocrx_word' id='word_1_272' title='bbox 2955 1521 3191 1606; x_wconf 83' lang='lat' dir='ltr'><strong>potest,</strong></span> <span class='ocrx_word' id='word_1_273' title='bbox 3240 1542 3324 1587; x_wconf 87' lang='lat' dir='ltr'><strong>ac</strong></span> <span class='ocrx_word' id='word_1_274' title='bbox 3363 1523 3588 1588; x_wconf 85' lang='lat' dir='ltr'><strong>debet.</strong></span> <span class='ocrx_word' id='word_1_275' title='bbox 3684 1526 3955 1593; x_wconf 85' lang='lat' dir='ltr'><strong>Sicmo-</strong></span> 
     </span>
     <span class='ocr_line' id='line_1_49' title="bbox 2450 1617 3959 1701; baseline 0.005 -22"><span class='ocrx_word' id='word_1_276' title='bbox 2450 1634 2854 1701; x_wconf 84' lang='lat' dir='ltr'><strong>nogramma</strong></span> <span class='ocrx_word' id='word_1_277' title='bbox 2887 1617 3018 1680; x_wconf 70' lang='grc' dir='ltr'><strong>ΚΡ.</strong></span> <span class='ocrx_word' id='word_1_278' title='bbox 3061 1618 3129 1680; x_wconf 91' lang='lat' dir='ltr'><strong>in</strong></span> <span class='ocrx_word' id='word_1_279' title='bbox 3166 1620 3384 1681; x_wconf 75' lang='lat' dir='ltr'><strong>numia</strong></span> <span class='ocrx_word' id='word_1_280' title='bbox 3421 1619 3780 1686; x_wconf 63' lang='lat' dir='ltr'><strong>inferioris.</strong></span> <span class='ocrx_word' id='word_1_281' title='bbox 3803 1625 3959 1689; x_wconf 80' lang='lat' dir='ltr'><strong>aevi</strong></span> 
     </span>
     <span class='ocr_line' id='line_1_50' title="bbox 2452 1708 3954 1796; baseline 0.005 -21"><span class='ocrx_word' id='word_1_282' title='bbox 2452 1723 2693 1775; x_wconf 85' lang='lat' dir='ltr'><strong>notare</strong></span> <span class='ocrx_word' id='word_1_283' title='bbox 2731 1708 3088 1789; x_wconf 81' lang='lat' dir='ltr'><strong>Christum,</strong></span> <span class='ocrx_word' id='word_1_284' title='bbox 3115 1711 3482 1777; x_wconf 77' lang='lat' dir='ltr'><strong>confess&#39;um</strong></span> <span class='ocrx_word' id='word_1_285' title='bbox 3499 1713 3610 1796; x_wconf 81' lang='lat' dir='ltr'><strong>est,</strong></span> <span class='ocrx_word' id='word_1_286' title='bbox 3662 1732 3735 1780; x_wconf 87' lang='lat' dir='ltr'><strong>at</strong></span> <span class='ocrx_word' id='word_1_287' title='bbox 3768 1719 3954 1782; x_wconf 87' lang='lat' dir='ltr'><strong>idem</strong></span> 
     </span>
     <span class='ocr_line' id='line_1_51' title="bbox 2449 1806 3959 1878; baseline 0.005 -8"><span class='ocrx_word' id='word_1_288' title='bbox 2449 1809 2521 1870; x_wconf 91' lang='lat' dir='ltr'><strong>in</strong></span> <span class='ocrx_word' id='word_1_289' title='bbox 2552 1806 2769 1870; x_wconf 77' lang='lat' dir='ltr'><strong>numia</strong></span> <span class='ocrx_word' id='word_1_290' title='bbox 2833 1806 3385 1872; x_wconf 88' lang='lat' dir='ltr'><strong>Ptolemaeorum</strong></span> <span class='ocrx_word' id='word_1_291' title='bbox 3451 1811 3641 1875; x_wconf 85' lang='lat' dir='ltr'><strong>aliud</strong></span> <span class='ocrx_word' id='word_1_292' title='bbox 3714 1826 3959 1878; x_wconf 84' lang='lat' dir='ltr'><strong>notare</strong></span> 
     </span>
     <span class='ocr_line' id='line_1_52' title="bbox 2450 1894 3955 1996; baseline 0.007 -31"><span class='ocrx_word' id='word_1_293' title='bbox 2450 1901 2698 1965; x_wconf 87' lang='lat' dir='ltr'><strong>debere</strong></span> <span class='ocrx_word' id='word_1_294' title='bbox 2744 1902 2893 1985; x_wconf 79' lang='lat' dir='ltr'><strong>quis</strong></span> <span class='ocrx_word' id='word_1_295' title='bbox 2949 1902 3343 1967; x_wconf 74' lang='lat' dir='ltr'><strong>dubitabit?</strong></span> <span class='ocrx_word' id='word_1_296' title='bbox 3409 1903 3515 1969; x_wconf 82' lang='lat' dir='ltr'><strong>Ex</strong></span> <span class='ocrx_word' id='word_1_297' title='bbox 3566 1927 3705 1989; x_wconf 86' lang='lat' dir='ltr'><strong>quo</strong></span> <span class='ocrx_word' id='word_1_298' title='bbox 3735 1894 3955 1996; x_wconf 70' lang='lat' dir='ltr'><strong>¹appa·</strong></span> 
     </span>
     <span class='ocr_line' id='line_1_53' title="bbox 2446 1998 3953 2082; baseline 0.005 -21"><span class='ocrx_word' id='word_1_299' title='bbox 2446 2010 2590 2076; x_wconf 84' lang='lat' dir='ltr'><strong>ret‚</strong></span> <span class='ocrx_word' id='word_1_300' title='bbox 2637 2003 3038 2082; x_wconf 85' lang='lat' dir='ltr'><strong>triquetram</strong></span> <span class='ocrx_word' id='word_1_301' title='bbox 3086 2001 3362 2062; x_wconf 88' lang='lat' dir='ltr'><strong>nimium</strong></span> <span class='ocrx_word' id='word_1_302' title='bbox 3393 1998 3613 2067; x_wconf 81' lang='lat' dir='ltr'><strong>fallax</strong></span> <span class='ocrx_word' id='word_1_303' title='bbox 3642 2002 3768 2068; x_wconf 79' lang='lat' dir='ltr'><strong>effe</strong></span> <span class='ocrx_word' id='word_1_304' title='bbox 3813 2024 3953 2068; x_wconf 90' lang='lat' dir='ltr'><strong>mo-</strong></span> 
     </span>
     <span class='ocr_line' id='line_1_54' title="bbox 2445 2082 3953 2179; baseline 0.004 -21"><span class='ocrx_word' id='word_1_305' title='bbox 2445 2106 2644 2158; x_wconf 86' lang='lat' dir='ltr'><strong>netae</strong></span> <span class='ocrx_word' id='word_1_306' title='bbox 2676 2093 2946 2159; x_wconf 80' lang='lat' dir='ltr'><strong>Siculae</strong></span> <span class='ocrx_word' id='word_1_307' title='bbox 2979 2082 3465 2179; x_wconf 74' lang='lat' dir='ltr'><strong>argumentum.</strong></span> <span class='ocrx_word' id='word_1_308' title='bbox 3569 2102 3659 2163; x_wconf 83' lang='lat' dir='ltr'><strong>At</strong></span> <span class='ocrx_word' id='word_1_309' title='bbox 3671 2098 3953 2163; x_wconf 70' lang='lat' dir='ltr'><strong>Bibulae</strong></span> 
     </span>
     <span class='ocr_line' id='line_1_55' title="bbox 2441 2188 3953 2282; baseline -0.002 -27"><span class='ocrx_word' id='word_1_310' title='bbox 2441 2191 2756 2255; x_wconf 74' lang='lat' dir='ltr'><strong>in.numo</strong></span> <span class='ocrx_word' id='word_1_311' title='bbox 2792 2188 2980 2253; x_wconf 77' lang='lat' dir='ltr'><strong>simili</strong></span> <span class='ocrx_word' id='word_1_312' title='bbox 3041 2189 3730 2282; x_wconf 55' lang='lat' dir='ltr'><strong>dicitur2PRocoqw</strong></span> <span class='ocrx_word' id='word_1_313' title='bbox 3749 2194 3953 2261; x_wconf 76' lang='lat' dir='ltr'><strong>SICae&#39;..</strong></span> 
     </span>
     <span class='ocr_line' id='line_1_56' title="bbox 2438 2282 3950 2372; baseline 0.002 -20"><span class='ocrx_word' id='word_1_314' title='bbox 2438 2288 2600 2364; x_wconf 73' lang='lat' dir='ltr'><strong>tiae,</strong></span> <span class='ocrx_word' id='word_1_315' title='bbox 2652 2282 3110 2372; x_wconf 79' lang='lat' dir='ltr'><strong>magistratum</strong></span> <span class='ocrx_word' id='word_1_316' title='bbox 3139 2303 3300 2371; x_wconf 83' lang='lat' dir='ltr'><strong>ergo</strong></span> <span class='ocrx_word' id='word_1_317' title='bbox 3338 2286 3409 2350; x_wconf 90' lang='lat' dir='ltr'><strong>hi</strong></span> <span class='ocrx_word' id='word_1_318' title='bbox 3447 2288 3518 2351; x_wconf 88' lang='lat' dir='ltr'><strong>in</strong></span> <span class='ocrx_word' id='word_1_319' title='bbox 3555 2289 3789 2353; x_wconf 87' lang='lat' dir='ltr'><strong>Sicilia</strong></span> <span class='ocrx_word' id='word_1_320' title='bbox 3831 2290 3950 2354; x_wconf 89' lang='lat' dir='ltr'><strong>ob·</strong></span> 
     </span>
     <span class='ocr_line' id='line_1_57' title="bbox 2431 2380 3955 2469; baseline 0.001 -21"><span class='ocrx_word' id='word_1_321' title='bbox 2431 2381 2761 2448; x_wconf 85' lang='lat' dir='ltr'><strong>tinebant.</strong></span> <span class='ocrx_word' id='word_1_322' title='bbox 2859 2380 3025 2445; x_wconf 78' lang='lat' dir='ltr'><strong>Istuc</strong></span> <span class='ocrx_word' id='word_1_323' title='bbox 3054 2380 3262 2445; x_wconf 87' lang='lat' dir='ltr'><strong>ibam.</strong></span> <span class='ocrx_word' id='word_1_324' title='bbox 3362 2383 3639 2461; x_wconf 86' lang='lat' dir='ltr'><strong>Mirum,</strong></span> <span class='ocrx_word' id='word_1_325' title='bbox 3686 2387 3759 2447; x_wconf 85' lang='lat' dir='ltr'><strong>in</strong></span> <span class='ocrx_word' id='word_1_326' title='bbox 3777 2404 3955 2469; x_wconf 84' lang='lat' dir='ltr'><strong>quae</strong></span> 
     </span>
     <span class='ocr_line' id='line_1_58' title="bbox 2438 2477 3955 2564; baseline 0.003 -24"><span class='ocrx_word' id='word_1_327' title='bbox 2438 2477 2727 2540; x_wconf 85' lang='lat' dir='ltr'><strong>absurda</strong></span> <span class='ocrx_word' id='word_1_328' title='bbox 2760 2497 2998 2540; x_wconf 77' lang='lat' dir='ltr'><strong>numus</strong></span> <span class='ocrx_word' id='word_1_329' title='bbox 3030 2477 3142 2541; x_wconf 89' lang='lat' dir='ltr'><strong>hic</strong></span> <span class='ocrx_word' id='word_1_330' title='bbox 3175 2498 3220 2540; x_wconf 88' lang='lat' dir='ltr'><strong>a</strong></span> <span class='ocrx_word' id='word_1_331' title='bbox 3241 2478 3614 2543; x_wconf 79' lang='lat' dir='ltr'><strong>Vaillantio</strong></span> <span class='ocrx_word' id='word_1_332' title='bbox 3653 2481 3955 2564; x_wconf 79' lang='lat' dir='ltr'><strong>promul·</strong></span> 
     </span>
     <span class='ocr_line' id='line_1_59' title="bbox 2441 2562 3954 2661; baseline 0.005 -28"><span class='ocrx_word' id='word_1_333' title='bbox 2441 2582 2640 2657; x_wconf 72' lang='lat' dir='ltr'><strong>gatus</strong></span> <span class='ocrx_word' id='word_1_334' title='bbox 2676 2572 2978 2637; x_wconf 75' lang='lat' dir='ltr'><strong>eruditos</strong></span> <span class='ocrx_word' id='word_1_335' title='bbox 2997 2563 3339 2638; x_wconf 72' lang='lat' dir='ltr'><strong>averterit.</strong></span> <span class='ocrx_word' id='word_1_336' title='bbox 3434 2562 3734 2661; x_wconf 67' lang='lat' dir='ltr'><strong>Primum</strong></span> <span class='ocrx_word' id='word_1_337' title='bbox 3763 2575 3954 2640; x_wconf 81' lang='lat' dir='ltr'><strong>-Vail-</strong></span> 
     </span>
     <span class='ocr_line' id='line_1_60' title="bbox 2441 2666 3955 2755; baseline 0.005 -25"><span class='ocrx_word' id='word_1_338' title='bbox 2441 2666 2963 2755; x_wconf 79' lang='lat' dir='ltr'><strong>lantiua-patere</strong></span> <span class='ocrx_word' id='word_1_339' title='bbox 3001 2690 3090 2733; x_wconf 84' lang='lat' dir='ltr'><strong>ex</strong></span> <span class='ocrx_word' id='word_1_340' title='bbox 3132 2668 3268 2734; x_wconf 87' lang='lat' dir='ltr'><strong>hoc</strong></span> <span class='ocrx_word' id='word_1_341' title='bbox 3325 2689 3533 2735; x_wconf 88' lang='lat' dir='ltr'><strong>numo</strong></span> <span class='ocrx_word' id='word_1_342' title='bbox 3575 2672 3716 2751; x_wconf 86' lang='lat' dir='ltr'><strong>ait,</strong></span> <span class='ocrx_word' id='word_1_343' title='bbox 3785 2671 3955 2738; x_wconf 82' lang='lat' dir='ltr'><strong>Sici·</strong></span> 
     </span>
     <span class='ocr_line' id='line_1_61' title="bbox 2440 2761 3956 2853; baseline 0.005 -26"><span class='ocrx_word' id='word_1_344' title='bbox 2440 2763 2606 2827; x_wconf 89' lang='lat' dir='ltr'><strong>liam</strong></span> <span class='ocrx_word' id='word_1_345' title='bbox 2635 2763 2836 2828; x_wconf 79' lang='lat' dir='ltr'><strong>‘fuisse</strong></span> <span class='ocrx_word' id='word_1_346' title='bbox 2866 2765 2935 2828; x_wconf 91' lang='lat' dir='ltr'><strong>in</strong></span> <span class='ocrx_word' id='word_1_347' title='bbox 2989 2761 3272 2830; x_wconf 73' lang='lat' dir='ltr'><strong>Antonii</strong></span> <span class='ocrx_word' id='word_1_348' title='bbox 3327 2765 3694 2851; x_wconf 79' lang='lat' dir='ltr'><strong>potestate,</strong></span> <span class='ocrx_word' id='word_1_349' title='bbox 3760 2766 3956 2853; x_wconf 77' lang='lat' dir='ltr'><strong>quod</strong></span> 
     </span>
     <span class='ocr_line' id='line_1_62' title="bbox 2438 2859 3954 2956; baseline 0.005 -34"><span class='ocrx_word' id='word_1_350' title='bbox 2438 2859 2651 2946; x_wconf 87' lang='lat' dir='ltr'><strong>ipsum</strong></span> <span class='ocrx_word' id='word_1_351' title='bbox 2690 2859 2933 2923; x_wconf 77' lang='lat' dir='ltr'><strong>Dionis</strong></span> <span class='ocrx_word' id='word_1_352' title='bbox 2984 2881 3252 2956; x_wconf 39' lang='lat' dir='ltr'><strong>quoq&amp;</strong></span> <span class='ocrx_word' id='word_1_353' title='bbox 3299 2862 3525 2926; x_wconf 75' lang='lat' dir='ltr'><strong>verbis</strong></span> <span class='ocrx_word' id='word_1_354' title='bbox 3568 2862 3954 2929; x_wconf 80' lang='lat' dir='ltr'><strong>confirmat.</strong></span> 
     </span>
     <span class='ocr_line' id='line_1_63' title="bbox 2436 2955 3956 3042; baseline 0.003 -23"><span class='ocrx_word' id='word_1_355' title='bbox 2436 2955 2656 3020; x_wconf 76' lang='lat' dir='ltr'><strong>Fuim».</strong></span> <span class='ocrx_word' id='word_1_356' title='bbox 2692 2976 2853 3042; x_wconf 87' lang='lat' dir='ltr'><strong>ergo</strong></span> <span class='ocrx_word' id='word_1_357' title='bbox 2889 2955 3207 3020; x_wconf 87' lang='lat' dir='ltr'><strong>Bibulum</strong></span> <span class='ocrx_word' id='word_1_358' title='bbox 3249 2956 3339 3019; x_wconf 89' lang='lat' dir='ltr'><strong>ab</strong></span> <span class='ocrx_word' id='word_1_359' title='bbox 3387 2958 3685 3022; x_wconf 76' lang='lat' dir='ltr'><strong>Antonio</strong></span> <span class='ocrx_word' id='word_1_360' title='bbox 3730 2959 3804 3022; x_wconf 89' lang='lat' dir='ltr'><strong>in</strong></span> <span class='ocrx_word' id='word_1_361' title='bbox 3831 2959 3956 3024; x_wconf 81' lang='lat' dir='ltr'><strong>si-</strong></span> 
     </span>
     <span class='ocr_line' id='line_1_64' title="bbox 2441 3050 3954 3138; baseline 0.003 -23"><span class='ocrx_word' id='word_1_362' title='bbox 2441 3051 2600 3115; x_wconf 89' lang='lat' dir='ltr'><strong>cilia</strong></span> <span class='ocrx_word' id='word_1_363' title='bbox 2662 3050 3088 3138; x_wconf 75' lang='lat' dir='ltr'><strong>constitutum</strong></span> <span class='ocrx_word' id='word_1_364' title='bbox 3120 3051 3586 3136; x_wconf 80' lang='lat' dir='ltr'><strong>proconsulem</strong></span> <span class='ocrx_word' id='word_1_365' title='bbox 3613 3100 3638 3131; x_wconf 88' lang='lat'><strong>,</strong></span> <span class='ocrx_word' id='word_1_366' title='bbox 3727 3065 3799 3118; x_wconf 89' lang='lat' dir='ltr'><strong>et</strong></span> <span class='ocrx_word' id='word_1_367' title='bbox 3858 3053 3954 3120; x_wconf 81' lang='lat' dir='ltr'><strong>ab</strong></span> 
     </span>
     <span class='ocr_line' id='line_1_65' title="bbox 2436 3146 3952 3234; baseline 0.003 -24"><span class='ocrx_word' id='word_1_368' title='bbox 2436 3146 2571 3211; x_wconf 87' lang='lat' dir='ltr'><strong>hoc</strong></span> <span class='ocrx_word' id='word_1_369' title='bbox 2605 3147 3020 3234; x_wconf 82' lang='lat' dir='ltr'><strong>praesentem</strong></span> <span class='ocrx_word' id='word_1_370' title='bbox 3060 3167 3339 3212; x_wconf 90' lang='lat' dir='ltr'><strong>numum</strong></span> <span class='ocrx_word' id='word_1_371' title='bbox 3413 3150 3484 3212; x_wconf 89' lang='lat' dir='ltr'><strong>in</strong></span> <span class='ocrx_word' id='word_1_372' title='bbox 3552 3148 3788 3215; x_wconf 80' lang='lat' dir='ltr'><strong>Sicilia</strong></span> <span class='ocrx_word' id='word_1_373' title='bbox 3832 3170 3952 3215; x_wconf 85' lang='lat' dir='ltr'><strong>cu·</strong></span> 
     </span>
     <span class='ocr_line' id='line_1_66' title="bbox 2433 3241 3953 3326; baseline 0.004 -22"><span class='ocrx_word' id='word_1_374' title='bbox 2433 3241 2599 3307; x_wconf 85' lang='lat' dir='ltr'><strong>sum.</strong></span> <span class='ocrx_word' id='word_1_375' title='bbox 2647 3241 2715 3326; x_wconf 74' lang='grc' dir='ltr'><strong>ΙΙ)</strong></span> <span class='ocrx_word' id='word_1_376' title='bbox 2763 3242 3209 3309; x_wconf 86' lang='lat' dir='ltr'><strong>Vaillantium</strong></span> <span class='ocrx_word' id='word_1_377' title='bbox 3257 3256 3511 3308; x_wconf 80' lang='lat' dir='ltr'><strong>temere</strong></span> <span class='ocrx_word' id='word_1_378' title='bbox 3559 3244 3819 3310; x_wconf 73' lang='lat' dir='ltr'><strong>secutae</strong></span> <span class='ocrx_word' id='word_1_379' title='bbox 3861 3244 3953 3310; x_wconf 66' lang='lat' dir='ltr'><strong>est</strong></span> 
     </span>
     <span class='ocr_line' id='line_1_67' title="bbox 2433 3326 3950 3425; baseline 0.003 -23"><span class='ocrx_word' id='word_1_380' title='bbox 2433 3337 2978 3425; x_wconf 79' lang='lat' dir='ltr'><strong>Havercampus.</strong></span> <span class='ocrx_word' id='word_1_381' title='bbox 3026 3326 3086 3419; x_wconf 77' lang='lat'><strong>¹’)</strong></span> <span class='ocrx_word' id='word_1_382' title='bbox 3153 3337 3311 3404; x_wconf 83' lang='lat' dir='ltr'><strong>Non</strong></span> <span class='ocrx_word' id='word_1_383' title='bbox 3362 3340 3792 3412; x_wconf 71' lang='lat' dir='ltr'><strong>immor-,abor</strong></span> <span class='ocrx_word' id='word_1_384' title='bbox 3849 3343 3950 3406; x_wconf 89' lang='lat' dir='ltr'><strong>in·</strong></span> 
     </span>
     <span class='ocr_line' id='line_1_68' title="bbox 2436 3433 3949 3523; baseline 0.001 -25"><span class='ocrx_word' id='word_1_385' title='bbox 2436 3433 2774 3499; x_wconf 88' lang='lat' dir='ltr'><strong>consultae</strong></span> <span class='ocrx_word' id='word_1_386' title='bbox 2824 3434 2985 3499; x_wconf 87' lang='lat' dir='ltr'><strong>huic</strong></span> <span class='ocrx_word' id='word_1_387' title='bbox 3056 3435 3349 3514; x_wconf 84' lang='lat' dir='ltr'><strong>orationi</strong></span> <span class='ocrx_word' id='word_1_388' title='bbox 3374 3483 3394 3514; x_wconf 88' lang='lat'><strong>,</strong></span> <span class='ocrx_word' id='word_1_389' title='bbox 3460 3437 3736 3519; x_wconf 71' lang='lat' dir='ltr'><strong>quando</strong></span> <span class='ocrx_word' id='word_1_390' title='bbox 3798 3443 3949 3523; x_wconf 88' lang='lat' dir='ltr'><strong>jam</strong></span> 
     </span>
     <span class='ocr_line' id='line_1_69' title="bbox 2434 3529 3952 3615; baseline 0 -19"><span class='ocrx_word' id='word_1_391' title='bbox 2434 3529 2877 3596; x_wconf 79' lang='lat' dir='ltr'><strong>Mazzolenus</strong></span> <span class='ocrx_word' id='word_1_392' title='bbox 2902 3530 3172 3596; x_wconf 87' lang='lat' dir='ltr'><strong>abunde</strong></span> <span class='ocrx_word' id='word_1_393' title='bbox 3197 3531 3546 3615; x_wconf 79' lang='lat' dir='ltr'><strong>probavit,</strong></span> <span class='ocrx_word' id='word_1_394' title='bbox 3596 3551 3952 3615; x_wconf 86' lang='lat' dir='ltr'><strong>nunquam</strong></span> 
     </span>
     <span class='ocr_line' id='line_1_70' title="bbox 2432 3624 3950 3710; baseline -0.001 -19"><span class='ocrx_word' id='word_1_395' title='bbox 2432 3626 2730 3691; x_wconf 81' lang='lat' dir='ltr'><strong>Antonio</strong></span> <span class='ocrx_word' id='word_1_396' title='bbox 2755 3631 2863 3710; x_wconf 72' lang='lat' dir='ltr'><strong>jus</strong></span> <span class='ocrx_word' id='word_1_397' title='bbox 2902 3626 3113 3690; x_wconf 87' lang='lat' dir='ltr'><strong>ullum</strong></span> <span class='ocrx_word' id='word_1_398' title='bbox 3147 3628 3218 3689; x_wconf 87' lang='lat' dir='ltr'><strong>in</strong></span> <span class='ocrx_word' id='word_1_399' title='bbox 3269 3624 3574 3691; x_wconf 83' lang='lat' dir='ltr'><strong>Siciliam</strong></span> <span class='ocrx_word' id='word_1_400' title='bbox 3615 3624 3837 3706; x_wconf 74' lang='lat' dir='ltr'><strong>fuisse,</strong></span> <span class='ocrx_word' id='word_1_401' title='bbox 3879 3639 3950 3691; x_wconf 87' lang='lat' dir='ltr'><strong>et</strong></span> 
     </span>
     <span class='ocr_line' id='line_1_71' title="bbox 2431 3719 3951 3788; baseline 0.002 -5"><span class='ocrx_word' id='word_1_402' title='bbox 2431 3721 2676 3784; x_wconf 72' lang='lat' dir='ltr'><strong>Dionia</strong></span> <span class='ocrx_word' id='word_1_403' title='bbox 2711 3721 2935 3787; x_wconf 90' lang='lat' dir='ltr'><strong>locum</strong></span> <span class='ocrx_word' id='word_1_404' title='bbox 2987 3720 3168 3785; x_wconf 84' lang='lat' dir='ltr'><strong>male</strong></span> <span class='ocrx_word' id='word_1_405' title='bbox 3228 3719 3604 3788; x_wconf 81' lang='lat' dir='ltr'><strong>Vaillantio</strong></span> <span class='ocrx_word' id='word_1_406' title='bbox 3676 3722 3951 3787; x_wconf 77' lang='lat' dir='ltr'><strong>intelle·</strong></span> 
     </span>
     <span class='ocr_line' id='line_1_72' title="bbox 2434 3817 3955 3906; baseline 0 -24"><span class='ocrx_word' id='word_1_407' title='bbox 2434 3831 2637 3882; x_wconf 77' lang='lat' dir='ltr'><strong>ctum.</strong></span> <span class='ocrx_word' id='word_1_408' title='bbox 2755 3817 2974 3881; x_wconf 81' lang='lat' dir='ltr'><strong>Aliter</strong></span> <span class='ocrx_word' id='word_1_409' title='bbox 3037 3836 3201 3902; x_wconf 80' lang='lat' dir='ltr'><strong>ergo</strong></span> <span class='ocrx_word' id='word_1_410' title='bbox 3262 3818 3581 3906; x_wconf 78' lang='lat' dir='ltr'><strong>aenigma</strong></span> <span class='ocrx_word' id='word_1_411' title='bbox 3639 3818 3955 3905; x_wconf 80' lang='lat' dir='ltr'><strong>explicat</strong></span> 
     </span>
    </p>
   </div>
   <div class='ocr_carea' id='block_1_5' title="bbox 2407 3904 3948 3997">
    <p class='ocr_par' dir='ltr' id='par_1_5' title="bbox 2407 3904 3948 3997">
     <span class='ocr_line' id='line_1_73' title="bbox 2407 3904 3948 3997; baseline -0.001 -19"><span class='ocrx_word' id='word_1_412' title='bbox 2407 3904 2902 3995; x_wconf 44' lang='lat' dir='ltr'><strong>&#39;Mazzolenuffi</strong></span> <span class='ocrx_word' id='word_1_413' title='bbox 2948 3913 3061 3975; x_wconf 87' lang='lat' dir='ltr'><strong>sed</strong></span> <span class='ocrx_word' id='word_1_414' title='bbox 3096 3925 3164 3977; x_wconf 92' lang='lat' dir='ltr'><strong>et</strong></span> <span class='ocrx_word' id='word_1_415' title='bbox 3201 3912 3403 3977; x_wconf 83' lang='lat' dir='ltr'><strong>aliter</strong></span> <span class='ocrx_word' id='word_1_416' title='bbox 3430 3924 3694 3997; x_wconf 82' lang='lat' dir='ltr'><strong>peccat.</strong></span> <span class='ocrx_word' id='word_1_417' title='bbox 3723 3973 3730 3980; x_wconf 89' lang='lat'><strong>.</strong></span> <span class='ocrx_word' id='word_1_418' title='bbox 3798 3915 3948 3993; x_wconf 74' lang='lat' dir='ltr'><strong>Ait,</strong></span> 
     </span>
    </p>
   </div>
   <div class='ocr_carea' id='block_1_6' title="bbox 2429 4004 3955 4283">
    <p class='ocr_par' dir='ltr' id='par_1_6' title="bbox 2429 4004 3955 4283">
     <span class='ocr_line' id='line_1_74' title="bbox 2429 4004 3951 4093; baseline -0.001 -19"><span class='ocrx_word' id='word_1_419' title='bbox 2429 4009 2749 4074; x_wconf 84' lang='lat' dir='ltr'><strong>Bibulum</strong></span> <span class='ocrx_word' id='word_1_420' title='bbox 2789 4026 2914 4093; x_wconf 87' lang='lat' dir='ltr'><strong>pro</strong></span> <span class='ocrx_word' id='word_1_421' title='bbox 2934 4005 3223 4074; x_wconf 87' lang='lat' dir='ltr'><strong>Caesare</strong></span> <span class='ocrx_word' id='word_1_422' title='bbox 3264 4004 3454 4071; x_wconf 80' lang='lat' dir='ltr'><strong>fuiss&#39;e</strong></span> <span class='ocrx_word' id='word_1_423' title='bbox 3483 4007 3755 4072; x_wconf 85' lang='lat' dir='ltr'><strong>Siciliae</strong></span> <span class='ocrx_word' id='word_1_424' title='bbox 3782 4027 3951 4093; x_wconf 82' lang='lat' dir='ltr'><strong>pro-</strong></span> 
     </span>
     <span class='ocr_line' id='line_1_75' title="bbox 2429 4101 3955 4189; baseline -0.001 -20"><span class='ocrx_word' id='word_1_425' title='bbox 2429 4104 2762 4169; x_wconf 88' lang='lat' dir='ltr'><strong>consulem</strong></span> <span class='ocrx_word' id='word_1_426' title='bbox 2784 4151 2807 4182; x_wconf 93' lang='lat'><strong>,</strong></span> <span class='ocrx_word' id='word_1_427' title='bbox 2857 4101 3124 4189; x_wconf 81' lang='lat' dir='ltr'><strong>flgnass&#39;e</strong></span> <span class='ocrx_word' id='word_1_428' title='bbox 3160 4116 3306 4167; x_wconf 86' lang='lat' dir='ltr'><strong>tum</strong></span> <span class='ocrx_word' id='word_1_429' title='bbox 3338 4104 3409 4166; x_wconf 88' lang='lat' dir='ltr'><strong>in</strong></span> <span class='ocrx_word' id='word_1_430' title='bbox 3428 4121 3512 4166; x_wconf 96' lang='lat' dir='ltr'><strong>ea</strong></span> <span class='ocrx_word' id='word_1_431' title='bbox 3534 4101 3955 4168; x_wconf 71' lang='lat' dir='ltr'><strong>insulanum</strong></span> 
     </span>
     <span class='ocr_line' id='line_1_76' title="bbox 2429 4199 3954 4283; baseline -0.001 -19"><span class='ocrx_word' id='word_1_432' title='bbox 2429 4218 2707 4264; x_wconf 85' lang='lat' dir='ltr'><strong>numum</strong></span> <span class='ocrx_word' id='word_1_433' title='bbox 2730 4202 2963 4282; x_wconf 73' lang='lat' dir='ltr'><strong>juncta</strong></span> <span class='ocrx_word' id='word_1_434' title='bbox 3004 4218 3159 4262; x_wconf 87' lang='lat' dir='ltr'><strong>cum</strong></span> <span class='ocrx_word' id='word_1_435' title='bbox 3188 4199 3486 4264; x_wconf 77' lang='lat' dir='ltr'><strong>Antonio</strong></span> <span class='ocrx_word' id='word_1_436' title='bbox 3510 4244 3532 4276; x_wconf 91' lang='lat'><strong>,</strong></span> <span class='ocrx_word' id='word_1_437' title='bbox 3581 4199 3770 4283; x_wconf 87' lang='lat' dir='ltr'><strong>quod</strong></span> <span class='ocrx_word' id='word_1_438' title='bbox 3807 4199 3954 4263; x_wconf 76' lang='lat' dir='ltr'><strong>ali-</strong></span> 
     </span>
    </p>
   </div>
   <div class='ocr_carea' id='block_1_7' title="bbox 829 4293 3955 4383">
    <p class='ocr_par' dir='ltr' id='par_1_7' title="bbox 829 4293 3955 4383">
     <span class='ocr_line' id='line_1_77' title="bbox 829 4293 3955 4383; baseline -0.002 -20"><span class='ocrx_word' id='word_1_439' title='bbox 829 4301 1074 4379; x_wconf 75' lang='lat' dir='ltr'><strong>soliue,</strong></span> <span class='ocrx_word' id='word_1_440' title='bbox 1126 4298 1242 4365; x_wconf 78' lang='lat' dir='ltr'><strong>nili</strong></span> <span class='ocrx_word' id='word_1_441' title='bbox 1284 4313 1353 4364; x_wconf 88' lang='lat' dir='ltr'><strong>et</strong></span> <span class='ocrx_word' id='word_1_442' title='bbox 1384 4315 1625 4365; x_wconf 69' lang='lat' dir='ltr'><strong>numos</strong></span> <span class='ocrx_word' id='word_1_443' title='bbox 1669 4299 1940 4364; x_wconf 73' lang='lat' dir='ltr'><strong>Suell&#39;ae</strong></span> <span class='ocrx_word' id='word_1_444' title='bbox 1980 4296 2350 4383; x_wconf 83' lang='lat' dir='ltr'><strong>Campani·</strong></span> <span class='ocrx_word' id='word_1_445' title='bbox 2425 4308 2532 4360; x_wconf 85' lang='lat' dir='ltr'><strong>ter</strong></span> <span class='ocrx_word' id='word_1_446' title='bbox 2563 4294 2710 4359; x_wconf 87' lang='lat' dir='ltr'><strong>fieri</strong></span> <span class='ocrx_word' id='word_1_447' title='bbox 2741 4309 2879 4360; x_wconf 80' lang='lat' dir='ltr'><strong>non</strong></span> <span class='ocrx_word' id='word_1_448' title='bbox 2900 4306 3215 4380; x_wconf 86' lang='lat' dir='ltr'><strong>poterat,</strong></span> <span class='ocrx_word' id='word_1_449' title='bbox 3265 4293 3589 4366; x_wconf 78' lang='lat' dir='ltr'><strong>Octavia.</strong></span> <span class='ocrx_word' id='word_1_450' title='bbox 3657 4293 3955 4370; x_wconf 16' lang='lat' dir='ltr'><strong>,Subin-</strong></span> 
     </span>
    </p>
   </div>
   <div class='ocr_carea' id='block_1_8' title="bbox 774 4393 2345 4680">
    <p class='ocr_par' dir='ltr' id='par_1_8' title="bbox 774 4393 2345 4680">
     <span class='ocr_line' id='line_1_78' title="bbox 774 4393 2345 4502; baseline -0.002 -44"><span class='ocrx_word' id='word_1_451' title='bbox 774 4486 787 4502; x_wconf 43' lang='lat'><strong>·</strong></span> <span class='ocrx_word' id='word_1_452' title='bbox 836 4413 958 4473; x_wconf 87' lang='lat' dir='ltr'><strong>ae,</strong></span> <span class='ocrx_word' id='word_1_453' title='bbox 1023 4396 1410 4483; x_wconf 81' lang='lat' dir='ltr'><strong>Metaponti</strong></span> <span class='ocrx_word' id='word_1_454' title='bbox 1493 4409 1562 4461; x_wconf 88' lang='lat' dir='ltr'><strong>et</strong></span> <span class='ocrx_word' id='word_1_455' title='bbox 1628 4396 1869 4460; x_wconf 81' lang='lat' dir='ltr'><strong>Veliae</strong></span> <span class='ocrx_word' id='word_1_456' title='bbox 1953 4393 2345 4469; x_wconf 79' lang='lat' dir='ltr'><strong>Lucaniae,</strong></span> 
     </span>
     <span class='ocr_line' id='line_1_79' title="bbox 839 4515 1369 4549; baseline 0.004 -2"><span class='ocrx_word' id='word_1_457' title='bbox 839 4515 1369 4549; x_wconf 69' lang='grc' dir='ltr'><strong>-ι--ι--Δ-ι-ι</strong></span> 
     </span>
     <span class='ocr_line' id='line_1_80' title="bbox 894 4605 1747 4680; baseline -0.005 -17"><span class='ocrx_word' id='word_1_458' title='bbox 894 4606 959 4677; x_wconf 77' lang='lat' dir='ltr'><strong>e)</strong></span> <span class='ocrx_word' id='word_1_459' title='bbox 994 4609 1057 4660; x_wconf 77' lang='lat' dir='ltr'><strong>in</strong></span> <span class='ocrx_word' id='word_1_460' title='bbox 1090 4605 1251 4672; x_wconf 75' lang='lat' dir='ltr'><strong>Fam,</strong></span> <span class='ocrx_word' id='word_1_461' title='bbox 1286 4610 1498 4663; x_wconf 74' lang='lat' dir='ltr'><strong>Aaron.</strong></span> <span class='ocrx_word' id='word_1_462' title='bbox 1532 4625 1590 4680; x_wconf 85' lang='lat' dir='ltr'><strong>p.</strong></span> <span class='ocrx_word' id='word_1_463' title='bbox 1628 4619 1747 4659; x_wconf 65' lang='grc' dir='ltr'><strong>πο.</strong></span> 
     </span>
    </p>
   </div>
   <div class='ocr_carea' id='block_1_9' title="bbox 2429 4388 3956 4484">
    <p class='ocr_par' dir='ltr' id='par_1_9' title="bbox 2429 4388 3956 4484">
     <span class='ocr_line' id='line_1_81' title="bbox 2429 4388 3956 4484; baseline -0.002 -28"><span class='ocrx_word' id='word_1_464' title='bbox 2429 4391 2515 4456; x_wconf 85' lang='lat' dir='ltr'><strong>de</strong></span> <span class='ocrx_word' id='word_1_465' title='bbox 2544 4395 2628 4456; x_wconf 89' lang='lat' dir='ltr'><strong>V.</strong></span> <span class='ocrx_word' id='word_1_466' title='bbox 2665 4388 2746 4456; x_wconf 72' lang='lat' dir='ltr'><strong>C.</strong></span> <span class='ocrx_word' id='word_1_467' title='bbox 2783 4409 2919 4473; x_wconf 74' lang='lat'><strong>722</strong></span> <span class='ocrx_word' id='word_1_468' title='bbox 2945 4389 3262 4454; x_wconf 69' lang='lat' dir='ltr'><strong>Bibulum</strong></span> <span class='ocrx_word' id='word_1_469' title='bbox 3295 4409 3344 4454; x_wconf 91' lang='lat' dir='ltr'><strong>a</strong></span> <span class='ocrx_word' id='word_1_470' title='bbox 3385 4388 3672 4484; x_wconf 73' lang='lat' dir='ltr'><strong>Caesare</strong></span> <span class='ocrx_word' id='word_1_471' title='bbox 3694 4388 3784 4451; x_wconf 84' lang='lat' dir='ltr'><strong>ad</strong></span> <span class='ocrx_word' id='word_1_472' title='bbox 3805 4394 3956 4453; x_wconf 79' lang='lat' dir='ltr'><strong>An·</strong></span> 
     </span>
    </p>
   </div>
   <div class='ocr_carea' id='block_1_10' title="bbox 1946 4599 2759 4676">
    <p class='ocr_par' dir='ltr' id='par_1_10' title="bbox 1946 4599 2759 4676">
     <span class='ocr_line' id='line_1_82' title="bbox 1946 4599 2759 4676; baseline -0.002 -20"><span class='ocrx_word' id='word_1_473' title='bbox 1946 4601 2009 4676; x_wconf 62' lang='grc' dir='ltr'><strong>δ)</strong></span> <span class='ocrx_word' id='word_1_474' title='bbox 2043 4599 2123 4656; x_wconf 75' lang='lat' dir='ltr'><strong>ad</strong></span> <span class='ocrx_word' id='word_1_475' title='bbox 2157 4599 2378 4657; x_wconf 78' lang='lat' dir='ltr'><strong>Merell.</strong></span> <span class='ocrx_word' id='word_1_476' title='bbox 2412 4599 2543 4654; x_wconf 77' lang='lat' dir='ltr'><strong>sam.</strong></span> <span class='ocrx_word' id='word_1_477' title='bbox 2576 4615 2636 4672; x_wconf 82' lang='lat' dir='ltr'><strong>p.</strong></span> <span class='ocrx_word' id='word_1_478' title='bbox 2677 4617 2759 4672; x_wconf 78' lang='lat'><strong>²5·</strong></span> 
     </span>
    </p>
   </div>
   <div class='ocr_carea' id='block_1_11' title="bbox 4164 770 4167 1339">
    <p class='ocr_par' dir='ltr' id='par_1_11' title="bbox 4164 770 4167 1339">
     <span class='ocr_line' id='line_1_83' title="bbox 4164 770 4167 1339; baseline 0 0"><span class='ocrx_word' id='word_1_479' title='bbox 4164 770 4167 1339; x_wconf 95' lang='lat' dir='ltr'><strong> </strong></span> 
     </span>
    </p>
   </div>
   <div class='ocr_carea' id='block_1_12' title="bbox 4161 3087 4170 5276">
    <p class='ocr_par' dir='ltr' id='par_1_12' title="bbox 4161 3087 4170 5276">
     <span class='ocr_line' id='line_1_84' title="bbox 4161 3087 4170 5276; baseline 0 0"><span class='ocrx_word' id='word_1_480' title='bbox 4161 3087 4170 5276; x_wconf 95' lang='lat' dir='ltr'><strong> </strong></span> 
     </span>
    </p>
   </div>
  </div>
 </body>
</html>
