4225 5450
658 4414 763 4480 (‚

766 660 787 683 Ι
826 582 967 671 -326

758 754 769 775 ᾖ
858 789 988 855 que
1026 784 1260 835 omnes
1303 770 1483 834 cultu
1524 764 1610 832 est
1669 764 1970 831 imitatus
1998 812 2020 844 ,

2130 765 2355 833 factus

830 871 975 950 jam
1017 863 1343 947 Iuppiter,
1394 864 1745 939 BacchuS,
1798 861 2166 940 Hercules,
2213 867 2354 945 jam

836 961 1049 1035 Iuno,
1102 958 1328 1024 Diana
1361 1008 1381 1038 ,
1434 964 1682 1024 Venus„
1782 956 2018 1042 Neque
2078 956 2354 1021 defuere

839 1054 957 1117 sibi
991 1053 1512 1119 consecrationis
1565 1053 1826 1119 causae.
1923 1054 2102 1117 Nam
2151 1051 2354 1131 sicut,

838 1148 1230 1234 inquiebat,
1283 1152 1569 1215 aliorum
1643 1168 1917 1235 gregum
2009 1147 2353 1233 magistri,

837 1244 1156 1325 bubulci,
1209 1248 1581 1332 opiliones,
1631 1265 1769 1308 non
1809 1241 1929 1328 ipsi
1968 1257 2085 1306 aut
2139 1244 2355 1308 boves

842 1344 1025 1420 sunt,
1078 1355 1195 1405 aut
1231 1347 1518 1418 arietes,
1571 1339 1655 1404 sio
1696 1352 1762 1403 et
1826 1338 1891 1400 se
1934 1340 2196 1424 generis
2234 1339 2352 1403 bu-

840 1440 1026 1505 mani
1065 1438 1403 1502 custodem
1440 1433 1828 1500 hominibus
1872 1432 2232 1521 praestare,
2285 1433 2351 1517 ⁸)

839 1539 1129 1601 Pontem
1192 1531 1482 1603 navibus
1537 1531 1783 1612 junctis
1826 1551 1869 1595 a
1921 1530 2224 1594 Puteolis
2263 1531 2354 1595 ad

840 1630 1095 1694 Baulos
1134 1628 1402 1711 stravit,
1476 1647 1766 1713 eumque
1805 1646 1958 1690 eum
2026 1624 2352 1691 militibus

839 1727 1156 1813 ingressus
1195 1724 1516 1787 Puteolos
1568 1720 1891 1785 hostiliter
1928 1720 2209 1805 invasit,
2252 1743 2352 1785 re·

841 1824 1262 1913 gressusque
1269 1838 1399 1904 per
1429 1819 1714 1885 eundem
1752 1815 1837 1880 est
1871 1817 2354 1903 triumphantis

843 1940 1033 1987 more
1066 1902 1453 1987 Alexander
1489 1916 1586 1981 M.
1622 1915 1756 1976 dici
1779 1911 2078 1997 gesliene.
2182 1913 2350 1975 Insa-

844 2020 947 2085 nie
994 2015 1100 2081 his
1145 2011 1606 2081 moliminibus
1664 2028 1800 2073 non
1843 2020 1994 2072 toto
2046 2020 2351 2072 vertente

788 2136 805 2147 ··
847 2134 1025 2180 anno
1069 2111 1375 2174 relictum
1413 2104 1759 2189 aTiberio
1794 2106 2004 2169 vicies
2045 2124 2126 2167 ac
2165 2105 2352 2189 septi·

846 2231 918 2276 es
958 2207 1203 2275 millies
1242 2205 1374 2271 118.
1411 2200 1788 2287 absumpsit.
1893 2201 2188 2284 Reliqua
2259 2203 2355 2264 in.

760 2296 782 2311 ⁸
844 2303 1191 2373 credibilis
1233 2299 1593 2377 saevitiae,
1645 2317 1729 2362 ac
1785 2298 2087 2365 libidinis
2129 2318 2356 2365 exem.

846 2403 965 2489 pla
1007 2403 1121 2486 qui
1157 2400 1381 2477 volet,
1436 2418 1523 2460 ex
1575 2394 1946 2471 Suetonio,
2026 2394 2352 2470 Philone,
2429 2440 2444 2459 2

848 2514 915 2564 et
948 2498 1171 2562 Dione
1216 2507 1447 2581 petat,
1501 2506 1569 2555 et
1598 2489 1775 2555 infra
1813 2510 1900 2553 ex
1950 2490 2254 2553 sororum
2293 2511 2355 2554 e·

795 2600 991 2697 jus,
1043 2615 1125 2658 ac
1157 2612 1447 2657 uxorum
1480 2589 1643 2652 serie
1681 2597 1998 2672 poterunt
2050 2585 2302 2669 colligi.

945 2690 1023 2757 C.
1085 2688 1462 2754 CAESAR.
1523 2680 1732 2748 AVG.
1779 2681 1985 2748 PON.
2044 2681 2144 2744 Μ.
2204 2681 2353 2745 TR.

844 2790 1053 2854 POT.
1090 2786 1246 2848 1111.
1277 2779 1661 2846 Cos.1111.
1698 2780 1766 2840 in
1812 2778 1956 2838 AR.
1990 2788 2220 2838 vetere
2249 2788 2328 2860 ty·

844 2903 937 2970 po
979 2882 1256 2949 Coronae
1273 2895 1574 2963 quernae,
1628 2874 1777 2937 vel:
1829 2874 2053 2957 capitis
2082 2873 2358 2959 Augusti

844 2977 1105 3045 radiati.
1160 2973 1365 3060 (Mus.
1418 2969 1607 3036 Caes
1618 2968 1646 3049 )

1116 3055 1213 3136 C.
1234 3066 1610 3132 CAESAR.
1628 3063 1842 3127 DIVI.
1861 3059 2072 3124 AVG.
2090 3060 2359 3125 PRON.

1134 3161 1350 3230 A.VG
1384 3162 1454 3227 S.
1509 3160 1584 3223 C.
1636 3160 1847 3225 Pileus
1884 3157 2214 3224 libertatis.

848 3263 1040 3332 COS.
1058 3260 1336 3345 QVAT.
1389 3254 1548 3347 (fic)
1585 3255 1791 3319 PON.
1818 3256 1916 3319 M.
1935 3254 2082 3316 TR.
2104 3255 2177 3316 P.
2204 3252 2357 3316 1111.

846 3366 923 3428 P.
962 3362 1076 3436 P..
1125 3360 1196 3424 in
1224 3353 1459 3426 medio.-
1508 3348 1710 3417 RCC.
1810 3349 1955 3417 AE.
1990 3352 2104 3417 111.
2157 3348 2356 3429 (Mus.

830 3456 1066 3535 Caes.)

848 3651 1098 3717 Nemus
1132 3640 1451 3729 Caligulae
1490 3642 1620 3800 pctst
1675 3639 1810 3726 ejus
1856 3648 2119 3705 mortem
2143 3638 2358 3726 figm-

1570 3755 1673 3801 us.

1106 3919 1218 3996 'Q
1272 3926 1645 3994 CAESAR.
1694 3924 1907 4008 AVG.
1954 3909 2239 3991 GERM.
2282 3926 2360 3990 P.

1142 4027 1436 4098 M..TR.
1474 4024 1684 4088 POT.
1728 4024 1932 4109 Caput
1965 4023 2338 4090 hanutum.

852 4129 968 4194 ΤΙ.
1024 4122 1358 4191 CLAVD.
1415 4117 1783 4184 CAESAR.
1852 4117 2061 4183 AVG.
2122 4120 2201 4182 P.
2255 4116 2357 4183 Μ.

848 4228 912 4289 T
916 4226 999 4290 R.
1037 4218 1247 4286 POT.
1283 4217 1470 4282 IMP.
1512 4215 1628 4282 Vl.
1679 4213 1886 4300 Caput
1944 4212 2184 4279 Claudii
2224 4214 2356 4276 lau-

847 4328 1111 4384 reatum.
1211 4313 1358 4378 AR.
1416 4309 1621 4399 (Mur.
1648 4308 1876 4397 Apost.
1910 4311 2131 4388 Zeno,
2184 4325 2358 4371 nunc

849 4413 917 4478 S.
957 4409 1324 4494 Floriani.)

2032 565 2757 653 CALIGVLAz

2528 768 2827 835 Numum
2865 765 3047 833 hunc
3080 766 3292 830 edidit
3313 767 3647 849 KhelliuS,
3704 769 3815 854 qui
3838 771 3950 835 ad-

2434 861 2701 941 firmat,
2755 883 2888 929 non
2936 864 3063 927 esse
3100 863 3555 933 subaeratum.
3681 868 3800 931 Ta

2435 957 2714 1023 dubium
2751 978 2886 1024 non
2923 960 3242 1043 videtur,
3293 962 3720 1026 intercessisse
3774 886 3950 1027 Eun

2436 1056 2618 1117 dem
2641 1053 2945 1164 aliquam
2963 1056 3093 1117 seu
3131 1075 3421 1134 novam,
3475 1058 3590 1120 seu
3623 1069 3946 1123 veterem.
4033 1096 4038 1105 ·

2433 1149 2665 1213 NImio
2707 1153 2884 1213 enim
2936 1162 3192 1217 certum
3240 1148 3370 1227 est,
3422 1151 3784 1216 Claudium
3805 1152 3950 1235 Caii

2433 1246 2806 1309 memoriae
2838 1244 3076 1326 fuisse,
3125 1259 3191 1308 et
3232 1246 3356 1310 esse
3400 1247 3698 1311 debuisse
3735 1247 3945 1313 infen-

2433 1339 2616 1418 sum,
2674 1360 2890 1425 neque
2943 1339 3115 1404 ullus
3173 1340 3500 1406 hactenus
3572 1344 3792 1406 editus
3860 1342 3949 1407 est

2434 1454 2673 1501 numus
2706 1436 2977 1503 Claudii
3018 1456 3171 1500 cum
3211 1437 3408 1503 titulo
3445 1439 3953 1523 1M12·.v1.,ut

2427 1534 2571 1614 jam
2609 1530 3001 1597 observavit
3058 1530 3386 1597 Khellius.
3439 1522 3506 1618 b)
3614 1535 3722 1597 Ad
3773 1536 3951 1598 haee

2434 1639 2694 1690 tantum
2739 1625 2984 1705 abfuit,
3009 1640 3081 1691 ut
3117 1626 3407 1693 Claudio
3436 1630 3810 1714 imperante
3835 1650 3949 1694 nu·
4013 1640 4034 1649 ⁶

2436 1724 2530 1784 mi
2571 1741 2727 1785 cum
2793 1721 3147 1808 Caligulae
3225 1727 3450 1810 capite
3501 1725 3947 1811 signarentur,

2434 1830 2508 1879 ut
2563 1819 2772 1882 etiam
2821 1838 3054 1883 omnes
3111 1821 3296 1885 numi
3348 1820 3579 1896 aenei,
3634 1822 3751 1905 qui
3808 1824 3945 1902 ejus

2432 1913 2798 1999 imaginem
2837 1912 3280 2001 praeferrent,
3333 1914 3613 2005 conflari
3638 1915 3950 1998 juberen-

2433 2020 2576 2091 tur,
2598 2016 2668 2088 ’ὒ-
2703 2011 2887 2095 quod
2911 2008 3165 2074 factum
3185 2012 3365 2075 idem
3403 2012 3497 2075 ad
3526 2010 3943 2077 abolendam

2434 2106 2580 2189 ejus
2623 2106 3024 2171 memorIam
3056 2104 3350 2173 testatur.

2722 2300 2922 2364 Numi
2964 2299 3289 2365 commatis
3325 2302 3672 2383 peregrini.

2539 2487 2610 2555 V
2603 2487 2812 2555 rhium
2859 2488 3217 2557 liberarum.

2534 2584 2793 2649 Harum
2833 2605 3077 2648 numos
3119 2606 3254 2649 non
3290 2583 3754 2669 infrequentes
3796 2603 3944 2650 eum

2434 2676 2785 2764 Caligulae
2822 2684 3046 2767 capite
3094 2684 3160 2747 in
3211 2680 3542 2766 catalogis
3584 2678 3946 2765 descriptos

2434 2775 2761 2857 reperias.
2861 2776 3148 2863 Insignes
3168 2777 3335 2855 sunt,
3388 2777 3496 2839 sed
3521 2796 3941 2862 quor-umpa-

2435 2882 2637 2932 triam
2667 2872 2891 2936 minus
2927 2885 3111 2936 certo
3168 2886 3509 2940 tenemus:

2729 2968 3014 3032 ΓΛΙΟΣ.
3065 2970 3419 3034 ΚΑΙΣΛΡ.
3451 2968 3642 3031 ΣΕΒ.
3685 2969 3942 3032 ΓΕΡΜ.

2728 3063 2920 3128 APX.
2940 3063 3145 3127 ΜΕΓ.
3168 3066 3380 3129 ΔΗΜ.
3403 3063 3714 3134 ΕᾸΞΟΤΣ.
3739 3067 3941 3130 TUA.
4012 3053 4020 3061 ’

2730 3155 2934 3241 Caput
2978 3158 3208 3230 nudum
3255 3158 3606 3244 transveaefi)
3624 3157 3895 3244 Ἀκρίτα.

2438 3251 2592 3317 Sine
2622 3252 2983 3338 epigraphe.
3082 3255 3354 3339 Signum
3399 3254 3675 3338 Augusti
3712 3256 3778 3320 d.
3825 3275 3939 3340 pa·

2438 3357 2638 3416 teram
2661 3393 2682 3426 ,
2713 3349 2775 3435 s.
2823 3346 3055 3437 hastam
3084 3349 3263 3437 sedat
3307 3350 3620 3438 inficientis
3668 3351 3739 3414 in
3798 3370 3943 3437 qua·

2435 3443 2649 3529 drlgis
2685 3443 3140 3530 elephantorum
3170 3448 3333 3514 inter
3362 3445 3592 3531 septem
3633 3447 3821 3533 astra.
3867 3447 3947 3512 In

2439 3539 2586 3632 aliis
2620 3539 2827 3628 defient
2842 3541 3016 3628 solae
3050 3541 3417 3626 quadrigae.
3515 3539 3662 3602 AR.
3714 3562 3806 3606 m.
3857 3562 3941 3606 m.

2440 3635 2641 3713 (Mus.
2675 3634 2864 3699 Caes.
2901 3636 3233 3720 Metelli.)

2536 3730 2766 3814 Amas,
2799 3729 2914 3817 fid
2951 3741 3135 3817 caput
3186 3732 3458 3819 Augusta·
3495 3730 3819 3800 radiatum
3851 3736 3940 3796 in·

2440 3839 2540 3894 ter
2560 3826 2790 3911 septem
2829 3829 3014 3915 astra.
3113 3828 3259 3892 AR.
3315 3828 3435 3896 111.
3487 3827 3696 3913 (Mus.
3757 3827 3940 3893 Caes.

2440 3922 2770 4000 Metelli.)
3083 3983 3092 3990 ,

2535 4018 2794 4083 Omnes
2831 4018 2902 4082 hi
2929 4020 3082 4105 typi
3105 4020 3349 4106 exigno
3374 4017 3749 4086 discrimine
3775 4017 3944 4082 sum·

2439 4116 2554 4201 pti.
2583 4113 2730 4180 sunt
2764 4133 2849 4184 ex
2890 4117 3110 4184 numia
3153 4115 3482 4184 Romanis
3528 4136 3575 4180 a
3614 4113 3898 4180 Tiberio
3921 4161 3943 4190 ,

2437 4224 2510 4277 et
2558 4207 2868 4297 Caligula
2908 4211 2975 4273 in
3014 4210 3282 4299 Augusti
3331 4212 3660 4276 honorem
3694 4207 3947 4295 percus-

2440 4307 2543 4372 siS.
2641 4303 3012 4372 Verisimile
3047 4309 3355 4388 videtur,
3406 4325 3524 4370 eos
3559 4306 3845 4393 signatos
3882 4307 3946 4367 in

2441 4401 2848 4470 Cretensium
2883 4402 3200 4479 urbibus;
3252 4422 3424 4470 nam·
3451 4402 3721 4468 Tiberii
3766 4413 3948 4465 aeta·

848 4681 863 4695 ⁶
920 4620 977 4688 t)
1012 4618 1171 4672 Philo
1207 4618 1395 4688 Legat.
1430 4616 1506 4670 ad
1543 4616 1663 4682 Caj.
1698 4633 1757 4687 p.
1792 4617 1917 4685 556.

2105 4611 2166 4676 b)
2207 4613 2401 4685 Suppl.
2443 4611 2518 4666 nd
2553 4613 2720 4665 Vaill.
2755 4632 2813 4685 p.
2856 4623 2938 4676 ¹8.

3129 4614 3180 4682 c)
3214 4612 3326 4666 Dio
3364 4599 3433 4674 L'.
3468 4611 3598 4673 Lx,
3645 4610 3680 4682 ς
3717 4624 3807 4668 υ.
