4225 5450
818 495 957 580 256

1735 485 2267 565 VXORES
2368 484 2942 565 CLAVDII.

817 690 877 752 is
920 705 1056 751 non
1088 683 1468 761 dubitaret,
1519 704 1673 749 eam
1706 684 1825 748 libi
1851 689 1934 750 V.
1975 685 2049 748 C.
2088 651 2224 758 >802
2253 686 2324 748 in
2397 688 2563 749 dum
2600 688 2859 771 coeptis
2914 686 3041 747 suis
3093 683 3248 748 satis
3304 682 3640 768 provisum
3708 682 3904 762 esset,

819 782 1328 846 matrimonium
1387 774 1742 845 adsciscere
1772 827 1791 858 ,
1846 800 2132 862 cumque
2171 782 2321 849 ‚Ro-

819 896 974 940 mae
1000 878 1089 940 ad
1122 877 1189 938 id
1216 887 1478 960 tempus
1516 876 1899 959 conjugium
1919 876 2148 959 patrui
2171 893 2322 937 cum

818 984 1018 1056 nepte
1057 968 1377 1033 incestum
1426 969 1788 1033 haberetur
1847 971 2112 1032 nemine
2155 966 2323 1030 istud

822 1066 1057 1129 adhuc·
1084 1076 1414 1127 attentare
1444 1064 1638 1140 auso,
1692 1064 2069 1139 decretum,
2121 1075 2195 1124 ut
2223 1066 2321 1144 ju-

821 1159 954 1223 stae
993 1160 1308 1242 deinceps
1342 1159 1511 1221 inter
1552 1171 1859 1242 patruos,
1903 1157 2325 1239 fratrumque

818 1254 995 1319 filias
1042 1254 1319 1336 nuptiae
1355 1253 1574 1317 ess'ent.
1627 1249 1689 1334 ³)
1789 1253 2154 1315 Decretum
2206 1252 2324 1314 eti-

820 1370 933 1412 am
970 1369 1012 1411 a
1060 1350 1330 1423 senatu,
1383 1359 1459 1409 ut
1498 1362 1820 1431 carpento
1879 1350 1949 1409 in
1988 1347 2162 1409 ludis
2215 1365 2325 1408 ve·

746 1496 753 1503 .
816 1444 1112 1509 heretur.
1149 1432 1208 1519 l²)
1263 1443 1549 1505 Additus
1590 1463 1771 1506 anno
1816 1441 2126 1525 sequente
2175 1442 2323 1506 Au·

813 1540 1027 1625 gastae
1060 1536 1316 1600 titulus.
1368 1532 1426 1616 ⁰)
1481 1538 1585 1600 Ad
1626 1540 1691 1603 id
1726 1534 2057 1621 fastigium
2088 1547 2328 1599 evecta

812 1633 1192 1717 Agrippina
1241 1630 1490 1693 altiora
1541 1634 1767 1716 coepit
1820 1630 2085 1719 moliri,
2135 1630 2325 1692 indu·

818 1728 1066 1809 xitque·
1091 1727 1449 1801 maritum,
1500 1737 1572 1788 ut
1612 1728 1694 1790 L.
1731 1725 2105 1787 Domitium
2142 1726 2325 1785 suum

817 1842 905 1884 ex
974 1821 1215 1904 ‚primo
1296 1821 1541 1882 marito
1592 1821 1849 1897 filium,
1916 1821 2322 1904 adoptaret,

815 1935 1036 2000 neque
1077 1911 1308 2000 postea
1341 1914 1526 1977 desiit
1551 1963 1571 1992 ,
1623 1916 2082 1979 Britannicum
2124 1913 2319 1977 Clau-

813 2011 913 2073 dii
958 2006 1171 2072 filium
1201 2057 1220 2088 ,
1274 2010 1388 2092 qui
1435 2030 1604 2075 unus
1632 2010 1887 2074 Neroni
1923 2009 2035 2071 suo
2072 2028 2195 2093 per
2224 2009 2321 2091 ip·

815 2105 922 2167 sos
970 2104 1233 2168 natales
1271 2102 1542 2185 obstitit,
1596 2109 1780 2170 omni
1825 2106 2186 2168 atrocitate
2210 2124 2321 2167 ve·

810 2220 1000 2266 xare.
1100 2199 1250 2263 Huc
1269 2200 1548 2263 accessit
1563 2200 1932 2265 aemulatio
1950 2199 2323 2276 muliebris,

752 2350 759 2356 .
813 2316 950 2378 qua
1013 2294 1264 2376 exilio,
1315 2307 1433 2357 aut
1472 2310 1691 2359 morte
1714 2292 2323 2358 multavitillust'res

808 2388 1151 2465 feminaS,
1214 2409 1383 2472 quas
1424 2403 1541 2452 aut
1586 2390 1835 2453 laetior
1888 2387 2153 2466 forma,
2208 2398 2325 2450 aut

809 2486 1142 2548 natalium
1209 2484 1483 2546 claritas
1542 2482 2110 2549 commendabant
2148 2529 2167 2559 ,
2221 2496 2322 2545 at-

812 2599 943 2663 que
1030 2579 1422 2662 arrogantia
1477 2580 1624 2661 plus
1691 2597 1897 2659 quam
1971 2577 2320 2642 mulierem

816 2675 1101 2738 deceret.
1201 2672 1380 2734 Nam
1433 2674 1617 2755 quod
1674 2673 2047 2736 inauditum
2089 2670 2325 2734 hacte-

809 2789 977 2844 κως,
1032 2766 1174 2850 ipsa
1207 2767 1277 2827 in
1315 2766 1602 2851 suggestu
1626 2768 1982 2850 conspicua
2019 2766 2214 2828 solita
2238 2765 2326 2828 est

811 2860 1188 2947 praesidere
1231 2857 1420 2943 [ignis
1463 2862 1815 2939 Romanis„
1870 2875 1936 2924 et
1974 2861 2324 2925 audirele-

815 2967 1011 3042 gatos
1045 2972 1298 3037 regum.
1349 2943 1413 3034 d)
1514 2957 1829 3019 Advertit
1872 2977 1955 3019 ea
2025 2956 2321 3019 mulieris

813 3049 1219 3133 impotentia
1260 3046 1470 3131 ipsum
1510 3053 1713 3113 etiam
1754 3051 2096 3114 socordem
2127 3050 2321 3114 Clau-

812 3144 909 3205 dii
948 3141 1246 3205 animum
1270 3191 1290 3220 ,
1348 3148 1792 3230 prorupitque
1829 3146 2197 3230 aliquando
2233 3160 2322 3210 te-

800 3235 1149 3300 ‘mulentus
1198 3240 1297 3298 in·
1339 3242 1722 3318 querelam,
1774 3240 1986 3304 fatale
2033 3239 2202 3318 fibi,
2254 3256 2326 3305 ut

822 3333 1177 3415 conjugum
1228 3327 1488 3416 flagitia
1531 3334 1769 3413 ferret,
1824 3337 1979 3408 dein
2038 3339 2324 3420 puniret.

815 3427 1106 3511 Excepit
1146 3446 1298 3490 eam
1333 3447 1571 3492 vocem
1613 3432 2010 3515 Agrippina,
2037 3450 2325 3515 cumque

815 3521 1089 3584 timeret
1124 3522 1372 3586 Neroni
1412 3522 1524 3584 suo
1551 3571 1569 3600 ,
1603 3544 1684 3586 ne
1720 3545 1841 3609 per
1861 3527 2105 3589 iratum
2131 3526 2328 3600 Clau·

824 3617 1010 3679 dium
1048 3617 1317 3700 imperii
1364 3616 1472 3701 spe
1527 3620 1872 3705 excideret
1922 3627 2106 3697 (nam
2186 3635 2329 3686 tum

825 3713 1124 3790 maxime
1163 3710 1486 3774 Claudius
1526 3715 1759 3776 taedio
1801 3718 2029 3789 uxoris
2069 3719 2332 3800 paterni

824 3808 895 3868 in
924 3806 1384 3868 Britannicum
1419 3805 1726 3871 adfectus
1768 3811 2020 3876 indicia
2051 3811 2332 3875 manife-

828 3897 1057 3979 stavit)
1112 3899 1470 3964 observat-0
1509 3915 1861 3987 tempore,
1939 3926 2073 3989 quo
2135 3927 2336 3994 aeger

833 3995 1241 4072 decuberat,
1295 3999 1433 4077 ejus
1474 4011 1759 4060 mortem
1798 4004 2141 4064 medicato
2203 4000 2333 4063 bo.

828 4090 969 4154 leto
1006 4094 1412 4174 maturavit,
1464 4111 1677 4176 eaque
1737 4096 1997 4158 tamdiu
2044 4095 2333 4174 celata,

908 4359 961 4417 a)
1002 4357 1140 4414 Tac
1180 4360 1332 4418 Anu
1369 4359 1503 4418 xu
1540 4376 1577 4427 5
1616 4357 1723 4427 seq.

842 4421 1285 4478 Ann.x11.26.
1546 4425 2264 4493 d)Tac.Ann.X11.3.7

847 4489 1004 4551 LXI
1041 4493 1073 4559 S
1115 4510 1196 4554 u
1266 4494 1450 4552 Victor
1481 4496 1537 4546 in
1574 4490 1747 4547 Ca'ess'.

1794 4360 2017 4411 Sueten.
2054 4362 2115 4410 in
2150 4358 2346 4413 Claud.
2381 4376 2427 4411 e.
2467 4363 2555 4419 26

2400 782 2737 864 Neronem
2770 782 2954 844 suum
2995 784 3473 866 imperatorem
3534 779 3796 863 populo
3837 797 3907 841 o-

2399 872 2634 939 stendit
2655 879 2738 939 V.
2782 874 2856 938 C.
2898 888 3060 953 807.
3164 875 3321 936 Non
3355 874 3692 957 ingratum
3728 875 3904 956 prin-

2403 971 2582 1054 cipio
2621 982 2902 1053 experta
2940 968 3027 1032 est
3081 968 3335 1041 filium3
3388 987 3547 1029 nam
3607 967 3898 1029 summae

2404 1067 2704 1126 omnium
2736 1084 2956 1126 rerum
2982 1064 3431 1149 publicarum,
3455 1061 3902 1146 privatarum*

2406 1178 2534 1240 que
2579 1158 2808 1242 palam
2857 1157 3198 1241 praefuit,
3251 1168 3318 1218 et
3366 1155 3688 1217 mansiss‘et
3752 1155 3901 1217 diu.

2405 1255 2536 1315 tius
2573 1255 2640 1315 in
2686 1274 2767 1315 eo
2799 1251 3061 1336 fastigio
3086 1299 3104 1327 ,
3151 1251 3191 1312 fi
3255 1252 3594 1317 moderari
3630 1248 3788 1324 fibi,
3842 1260 3903 1311 et

2407 1348 2823 1411 dissimulare
2850 1346 3216 1429 juvenilem
3270 1345 3390 1407 filii
3435 1347 3906 1429 impotentiam

2408 1442 2733 1506 valuiss'et.
2838 1447 2927 1504 At
2963 1442 3140 1504 enim
3174 1458 3326 1503 cum
3380 1458 3558 1502 anno
3597 1441 3907 1523 proxime

2408 1539 2716 1620 sequente
2767 1539 3058 1600 severius
3121 1535 3221 1598 illi
3296 1552 3563 1597 amores
3625 1534 3908 1597 libertae

2409 1640 2611 1697 Actes
2690 1631 3134 1715 exprobraret
3153 1654 3186 1713 ,·
3251 1650 3467 1713 neque
3554 1627 3908 1712 objurgare

2409 1748 2532 1812 pro
2569 1739 2876 1795 materno
2909 1731 3056 1807 jure
3131 1726 3500 1803 delineret,
3570 1728 3712 1806 ejus
3763 1744 3806 1785 a
3848 1722 3906 1783 se

2409 1825 2707 1886 animum
2748 1823 2947 1906 plane
2988 1822 3255 1886 avertit.
3354 1821 3536 1882 Tum
3583 1839 3751 1882 vero
3777 1831 3906 1880 ter·
3939 1900 3952 1906 ψ

2404 1921 2535 1982 rita
2560 1965 2580 1992 ‚
2633 1937 2788 1980 nam
2831 1917 3095 2001 longius
3129 1916 3232 1993 se,
3286 1934 3491 1996 quam
3567 1913 3848 2001 vplebat
3884 1956 3905 1989 ,

2403 2004 2811 2100 progress'am
2850 2012 3055 2085 vidit,
3107 2023 3175 2073 et
3213 2009 3396 2093 quod
3451 2011 3748 2073 maxime
3789 2008 3909 2070 do·
3947 2022 3956 2029 ·

2404 2107 2626 2185 lebat,
2696 2109 3070 2191 potentiam
3132 2107 3595 2178 imminutam,
3685 2102 3909 2185 coepit

2407 2202 2728 2266 converso
2777 2199 2987 2264 studio
3021 2199 3333 2264 omnibus
3378 2201 3444 2261 in
3485 2201 3682 2262 rebus
3725 2196 3905 2260 obse-

2410 2301 2523 2380 qui
2557 2297 2698 2360 filio
2731 2297 2907 2361 adeo
2949 2299 3132 2361 omni
3182 2296 3442 2378 pudore
3469 2295 3782 2374 abjecto,
3839 2301 3910 2351 ut

2405 2394 2765 2476 aliquoties
2823 2393 3190 2454 meretricis
3235 2391 3413 2453 cultu
3461 2393 3599 2469 ejus
3648 2400 3910 2471 turpem

2404 2489 2756 2552 libidinem
2780 2487 3189 2550 reclamante
3209 2498 3449 2547 natura
3465 2484 3907 2553 solicitaretf)

2406 2585 2556 2646 Hae
2595 2595 2772 2644 artes
2815 2602 2967 2645 cum
3015 2581 3329 2643 incass'um
3362 2581 3680 2642 caderent
3717 2620 3738 2653 ,
3788 2595 3907 2637 ex-

2410 2697 2566 2740 uere
2632 2688 2774 2738 tum
2855 2696 3126 2740 omnem
3213 2675 3796 2746 moderationem,
3843 2678 3911 2730 et

2407 2763 2772 2835 transferre
2812 2770 3156 2835 adfectum
3199 2772 3426 2856 palam
3466 2772 3534 2831 in
3579 2764 3909 2830 Britanni-

2411 2886 2562 2930 cum
2593 2912 2613 2941 ,
2666 2865 2950 2948 adjectis
2997 2867 3464 2930 non.obrcure-
3497 2862 3736 2937 miuiS,
3789 2860 3908 2920 itu,-

2381 2981 2556 3047 ‚ram
2602 2962 2670 3022 in
2718 2958 2967 3038 castra,
3020 2973 3088 3023 et
3127 2963 3482 3045 impe-rium
3517 2959 3658 3032 filio
3692 2965 3909 3018 extor-

2407 3071 2655 3119 turam.
2757 3056 2879 3117 His
2932 3069 3312 3122 commotus
3359 3055 3537 3118 Nero
3581 3047 3909 3114 Britanni·

2410 3171 2562 3214 cum
2605 3170 2866 3214 veneno
2916 3171 2952 3212 e
2987 3151 3211 3214 medio
3238 3150 3437 3214 tollit.
3487 3139 3541 3230 l')
3595 3141 3914 3227 Quacae·

2411 3247 2495 3309 de
2540 3248 2754 3330 magis
2781 3249 2921 3325 jam
2964 3244 3247 3310 efferata
3307 3245 3719 3330 Agrippina,
3771 3256 3913 3299 ma·

2409 3343 2648 3428 gisque
2682 3340 2900 3404 indies
2951 3341 3173 3404 verbis
3253 3342 3486 3402 minax
3555 3333 3917 3410 videbatur

2412 3437 2787 3522 perniciosa
2860 3438 2925 3498 in
3013 3436 3224 3498 filium
3307 3435 3532 3498 moliri
3620 3427 3909 3494 confilia.

2414 3531 2618 3613 Quod
2656 3550 2804 3593 cum
2840 3541 3167 3594 metueret
3197 3530 3405 3606 Nero,
3455 3530 3747 3613 primum
3777 3540 3912 3584 ma·

2413 3628 2498 3690 tri
2532 3626 2856 3690 militares
2912 3624 3233 3688 excubias
3301 3625 3574 3697 adimit,
3645 3616 3916 3682 subinde

2415 3741 2500 3783 ex
2533 3720 2791 3803 palatio
2828 3719 3141 3781 aliorsum
3209 3717 3609 3782 translatam
3651 3720 3744 3781 ad
3787 3709 3914 3796 pri-

2414 3827 2647 3877 vatam
2696 3814 2908 3875 vitam
2991 3814 3255 3899 redigit.
3367 3806 3917 3896 .Tandem'cum

2412 3909 2596 3971 Nero
2631 3927 2863 3971 amore
2905 3910 3271 3992 Poppaeae
3326 3907 3620 3971 Sabinae
3667 3909 3913 3971 insani-

2412 4016 2551 4081 ret,
2607 4016 2808 4085 atque
2853 4002 3021 4066 haec
3061 4001 3376 4064 omnibus
3425 4005 3642 4066 modis
3675 4005 3911 4092 Api-ip·

2412 4100 2613 4183 pinae
2652 4117 2887 4162 necem
2924 4098 3270 4175 suaderet,
3321 4117 3501 4161 anno
3539 4101 3620 4162 V.
3657 4095 3732 4160 C.
3776 4107 3911 4169 8¹2

2813 4359 2881 4420 b>
2915 4359 3030 4412 Dio
3065 4360 3133 4416 L.
3171 4359 3295 4415 Lx.
3332 4362 3473 4429 §33
3703 4361 3753 4421 c)
3790 4360 3924 4411 Tac.

2518 4430 2567 4491 e)
2607 4427 3134 4490 Tac.Ann.x111
3175 4445 3255 4495 ¹3·
3291 4440 3344 4480 et
3379 4429 3543 4485 xlv,
3587 4443 3658 4490 2..
3708 4427 3826 4482 Dio
3859 4428 3924 4480 L.

1909 4493 1954 4560 f)
1990 4495 2128 4549 Tac.
2164 4494 2332 4556 xm,
2369 4510 2428 4548 η
2467 4494 2573 4567 seq.
