<?xml version="1.0" encoding="UTF-8"?>
<!DOCTYPE html PUBLIC "-//W3C//DTD XHTML 1.0 Transitional//EN"
    "http://www.w3.org/TR/xhtml1/DTD/xhtml1-transitional.dtd">
<html xmlns="http://www.w3.org/1999/xhtml" xml:lang="en" lang="en">
 <head>
  <title>
</title>
<meta http-equiv="Content-Type" content="text/html;charset=utf-8" />
  <meta name='ocr-system' content='tesseract 3.04.00' />
  <meta name='ocr-capabilities' content='ocr_page ocr_carea ocr_par ocr_line ocrx_word'/>
</head>
<body>
  <div class='ocr_page' id='page_1' title='image "./doctrinanumorum02unkngoog_0042.png"; bbox 0 0 4225 5450; ppageno 0'>
   <div class='ocr_carea' id='block_1_1' title="bbox 847 554 2351 687">
    <p class='ocr_par' dir='ltr' id='par_1_1' title="bbox 828 542 2351 687">
     <span class='ocr_line' id='line_1_1' title="bbox 847 554 2351 687; baseline 0.003 -14.95"><span class='ocrx_word' id='word_1_1' title='bbox 847 610 895 672; x_wconf 63' lang='lat' dir='ltr'><em>a</em></span> <span class='ocrx_word' id='word_1_2' title='bbox 1438 604 1445 610; x_wconf 93' lang='lat'>·</span> <span class='ocrx_word' id='word_1_3' title='bbox 1861 554 2351 687; x_wconf 59' lang='lat' dir='ltr'>tvLivs</span> 
     </span>
    </p>
   </div>
   <div class='ocr_carea' id='block_1_2' title="bbox 845 794 2360 866">
    <p class='ocr_par' dir='ltr' id='par_1_2' title="bbox 845 794 2360 866">
     <span class='ocr_line' id='line_1_2' title="bbox 845 794 2360 866; baseline -0.001 0"><span class='ocrx_word' id='word_1_4' title='bbox 845 798 1186 866; x_wconf 84' lang='lat' dir='ltr'>Iuvenalis</span> <span class='ocrx_word' id='word_1_5' title='bbox 1219 798 1347 863; x_wconf 88' lang='lat' dir='ltr'>hos</span> <span class='ocrx_word' id='word_1_6' title='bbox 1364 794 1634 861; x_wconf 72' lang='lat' dir='ltr'>‘fervidi</span> <span class='ocrx_word' id='word_1_7' title='bbox 1668 795 1823 860; x_wconf 84' lang='lat' dir='ltr'>solis</span> <span class='ocrx_word' id='word_1_8' title='bbox 1853 796 2117 864; x_wconf 81' lang='lat' dir='ltr'>incolas</span> <span class='ocrx_word' id='word_1_9' title='bbox 2155 818 2360 865; x_wconf 75' lang='lat' dir='ltr'>voca·</span> 
     </span>
    </p>
   </div>
   <div class='ocr_carea' id='block_1_3' title="bbox 844 894 2358 1247">
    <p class='ocr_par' dir='ltr' id='par_1_3' title="bbox 844 894 2358 1247">
     <span class='ocr_line' id='line_1_3' title="bbox 844 901 2288 960; baseline -0.01 0"><span class='ocrx_word' id='word_1_10' title='bbox 844 901 944 960; x_wconf 84' lang='lat' dir='ltr'>vit</span> <span class='ocrx_word' id='word_1_11' title='bbox 1044 904 1072 936; x_wconf 76' lang='lat'>⁸</span> <span class='ocrx_word' id='word_1_12' title='bbox 2283 940 2288 945; x_wconf 84' lang='grc'>,</span> 
     </span>
     <span class='ocr_line' id='line_1_4' title="bbox 942 894 2358 1083; baseline 0.002 -27"><span class='ocrx_word' id='word_1_13' title='bbox 942 894 1218 1076; x_wconf 55' lang='lat' dir='ltr'>Caes31r1‘s</span> <span class='ocrx_word' id='word_1_14' title='bbox 1262 998 1606 1052; x_wconf 72' lang='lat' dir='ltr'>armentum</span> <span class='ocrx_word' id='word_1_15' title='bbox 1626 1036 1646 1068; x_wconf 88' lang='lat'>,</span> <span class='ocrx_word' id='word_1_16' title='bbox 1696 986 1846 1055; x_wconf 74' lang='lat' dir='ltr'>nulli</span> <span class='ocrx_word' id='word_1_17' title='bbox 1864 990 2108 1083; x_wconf 62' lang='lat' dir='ltr'>J‘ervire</span> <span class='ocrx_word' id='word_1_18' title='bbox 2151 1012 2358 1077; x_wconf 76' lang='lat' dir='ltr'>para-</span> 
     </span>
     <span class='ocr_line' id='line_1_5' title="bbox 950 1098 2248 1153; baseline -0.001 0"><span class='ocrx_word' id='word_1_19' title='bbox 950 1142 958 1153; x_wconf 92' lang='lat'>.</span> <span class='ocrx_word' id='word_1_20' title='bbox 2029 1098 2163 1152; x_wconf 81' lang='lat' dir='ltr'>tum</span> <span class='ocrx_word' id='word_1_21' title='bbox 2243 1124 2248 1131; x_wconf 55' lang='lat'><em>1</em></span> 
     </span>
     <span class='ocr_line' id='line_1_6' title="bbox 947 1184 1315 1247; baseline -0.014 0"><span class='ocrx_word' id='word_1_22' title='bbox 947 1184 1242 1247; x_wconf 78' lang='lat' dir='ltr'>Privato.</span> <span class='ocrx_word' id='word_1_23' title='bbox 1312 1194 1315 1197; x_wconf 84' lang='grc'><em>·</em></span> 
     </span>
    </p>
   </div>
   <div class='ocr_carea' id='block_1_4' title="bbox 843 1271 2355 1459">
    <p class='ocr_par' dir='ltr' id='par_1_4' title="bbox 843 1271 2355 1459">
     <span class='ocr_line' id='line_1_7' title="bbox 844 1271 2355 1361; baseline -0.001 -20"><span class='ocrx_word' id='word_1_24' title='bbox 844 1276 1034 1341; x_wconf 86' lang='lat' dir='ltr'><strong>Idem</strong></span> <span class='ocrx_word' id='word_1_25' title='bbox 1088 1291 1289 1361; x_wconf 85' lang='lat' dir='ltr'><strong>typus</strong></span> <span class='ocrx_word' id='word_1_26' title='bbox 1336 1271 1667 1361; x_wconf 69' lang='lat' dir='ltr'>restitutus</span> <span class='ocrx_word' id='word_1_27' title='bbox 1715 1274 1906 1340; x_wconf 76' lang='lat' dir='ltr'>estin</span> <span class='ocrx_word' id='word_1_28' title='bbox 1951 1296 2159 1344; x_wconf 83' lang='lat' dir='ltr'>numo</span> <span class='ocrx_word' id='word_1_29' title='bbox 2217 1279 2355 1341; x_wconf 85' lang='lat' dir='ltr'>Au-</span> 
     </span>
     <span class='ocr_line' id='line_1_8' title="bbox 843 1368 2066 1459; baseline 0.002 -24"><span class='ocrx_word' id='word_1_30' title='bbox 843 1371 1006 1459; x_wconf 84' lang='lat' dir='ltr'>gusti</span> <span class='ocrx_word' id='word_1_31' title='bbox 1044 1372 1447 1436; x_wconf 80' lang='lat' dir='ltr'>Hadrumeti</span> <span class='ocrx_word' id='word_1_32' title='bbox 1472 1368 1754 1453; x_wconf 85' lang='lat' dir='ltr'>Africae</span> <span class='ocrx_word' id='word_1_33' title='bbox 1793 1372 2066 1458; x_wconf 74' lang='lat' dir='ltr'>signato.</span> 
     </span>
    </p>
   </div>
   <div class='ocr_carea' id='block_1_5' title="bbox 2437 588 2977 721">
    <p class='ocr_par' dir='ltr' id='par_1_5' title="bbox 2437 588 2977 721">
     <span class='ocr_line' id='line_1_9' title="bbox 2437 588 2977 721; baseline 0 -46"><span class='ocrx_word' id='word_1_34' title='bbox 2437 588 2977 721; x_wconf 47' lang='lat' dir='ltr'><strong>CAESAR}</strong></span> 
     </span>
    </p>
   </div>
   <div class='ocr_carea' id='block_1_6' title="bbox 2440 802 3948 987">
    <p class='ocr_par' dir='ltr' id='par_1_6' title="bbox 2440 802 3948 987">
     <span class='ocr_line' id='line_1_10' title="bbox 2440 802 3948 888; baseline 0.003 -20"><span class='ocrx_word' id='word_1_35' title='bbox 2440 805 2845 888; x_wconf 78' lang='lat' dir='ltr'>conjiciunt,</span> <span class='ocrx_word' id='word_1_36' title='bbox 2895 803 3121 867; x_wconf 85' lang='lat' dir='ltr'>notari</span> <span class='ocrx_word' id='word_1_37' title='bbox 3158 802 3252 881; x_wconf 87' lang='lat' dir='ltr'>id,</span> <span class='ocrx_word' id='word_1_38' title='bbox 3305 803 3490 886; x_wconf 83' lang='lat' dir='ltr'>quod</span> <span class='ocrx_word' id='word_1_39' title='bbox 3521 818 3755 871; x_wconf 84' lang='lat' dir='ltr'>narrat</span> <span class='ocrx_word' id='word_1_40' title='bbox 3786 806 3948 887; x_wconf 82' lang='lat' dir='ltr'>Dio,</span> 
     </span>
     <span class='ocr_line' id='line_1_11' title="bbox 2441 898 3948 987; baseline 0.001 -21"><span class='ocrx_word' id='word_1_41' title='bbox 2441 900 2797 966; x_wconf 84' lang='lat' dir='ltr'>Caesarem</span> <span class='ocrx_word' id='word_1_42' title='bbox 2838 901 3024 963; x_wconf 83' lang='lat' dir='ltr'>victo</span> <span class='ocrx_word' id='word_1_43' title='bbox 3058 898 3410 962; x_wconf 80' lang='lat' dir='ltr'><strong>Pharnace</strong></span> <span class='ocrx_word' id='word_1_44' title='bbox 3445 920 3528 964; x_wconf 88' lang='lat' dir='ltr'>eo</span> <span class='ocrx_word' id='word_1_45' title='bbox 3564 900 3760 981; x_wconf 87' lang='lat' dir='ltr'>loco,</span> <span class='ocrx_word' id='word_1_46' title='bbox 3791 916 3948 987; x_wconf 76' lang='lat' dir='ltr'>‘quo</span> 
     </span>
    </p>
   </div>
   <div class='ocr_carea' id='block_1_7' title="bbox 2439 989 4172 1089">
    <p class='ocr_par' dir='ltr' id='par_1_7' title="bbox 2439 989 4172 1089">
     <span class='ocr_line' id='line_1_12' title="bbox 2439 989 4172 1089; baseline 0.001 -29"><span class='ocrx_word' id='word_1_47' title='bbox 2439 1009 2597 1061; x_wconf 87' lang='lat' dir='ltr'>ante</span> <span class='ocrx_word' id='word_1_48' title='bbox 2640 1008 2856 1060; x_wconf 73' lang='lat' dir='ltr'>annos</span> <span class='ocrx_word' id='word_1_49' title='bbox 2888 996 3114 1080; x_wconf 89' lang='lat' dir='ltr'>plures</span> <span class='ocrx_word' id='word_1_50' title='bbox 3136 989 3444 1058; x_wconf 82' lang='lat' dir='ltr'><strong>Triarius</strong></span> <span class='ocrx_word' id='word_1_51' title='bbox 3475 1014 3521 1060; x_wconf 87' lang='lat' dir='ltr'>a</span> <span class='ocrx_word' id='word_1_52' title='bbox 3548 997 3950 1063; x_wconf 81' lang='lat' dir='ltr'><strong>Mithridate</strong></span> <span class='ocrx_word' id='word_1_53' title='bbox 4047 992 4050 993; x_wconf 41' lang='lat'><em>⁷</em></span> <span class='ocrx_word' id='word_1_54' title='bbox 4171 1050 4172 1089; x_wconf 63' lang='lat'>3</span> 
     </span>
    </p>
   </div>
   <div class='ocr_carea' id='block_1_8' title="bbox 2438 1091 3958 1462">
    <p class='ocr_par' dir='ltr' id='par_1_8' title="bbox 2438 1091 3958 1462">
     <span class='ocr_line' id='line_1_13' title="bbox 2439 1091 3950 1177; baseline 0.001 -22"><span class='ocrx_word' id='word_1_55' title='bbox 2439 1096 2658 1156; x_wconf 82' lang='lat' dir='ltr'>victus</span> <span class='ocrx_word' id='word_1_56' title='bbox 2698 1104 2881 1168; x_wconf 87' lang='lat' dir='ltr'>erat,</span> <span class='ocrx_word' id='word_1_57' title='bbox 2947 1110 3103 1154; x_wconf 86' lang='lat' dir='ltr'>cum</span> <span class='ocrx_word' id='word_1_58' title='bbox 3169 1110 3291 1174; x_wconf 86' lang='lat' dir='ltr'>per</span> <span class='ocrx_word' id='word_1_59' title='bbox 3350 1091 3744 1177; x_wconf 80' lang='lat' dir='ltr'>religionem</span> <span class='ocrx_word' id='word_1_60' title='bbox 3811 1114 3950 1157; x_wconf 89' lang='lat' dir='ltr'>non</span> 
     </span>
     <span class='ocr_line' id='line_1_14' title="bbox 2440 1183 3947 1272; baseline 0.001 -22"><span class='ocrx_word' id='word_1_61' title='bbox 2440 1189 2723 1250; x_wconf 81' lang='lat' dir='ltr'><strong>auderet</strong></span> <span class='ocrx_word' id='word_1_62' title='bbox 2757 1187 2936 1271; x_wconf 78' lang='lat' dir='ltr'>regis</span> <span class='ocrx_word' id='word_1_63' title='bbox 2970 1199 3371 1271; x_wconf 86' lang='lat' dir='ltr'>tropaeum,</span> <span class='ocrx_word' id='word_1_64' title='bbox 3424 1183 3675 1272; x_wconf 74' lang='lat' dir='ltr'>quippe</span> <span class='ocrx_word' id='word_1_65' title='bbox 3733 1189 3947 1251; x_wconf 84' lang='lat' dir='ltr'>Marti</span> 
     </span>
     <span class='ocr_line' id='line_1_15' title="bbox 2438 1282 3954 1360; baseline 0.001 -15"><span class='ocrx_word' id='word_1_66' title='bbox 2438 1282 2698 1347; x_wconf 80' lang='lat' dir='ltr'>sacrum</span> <span class='ocrx_word' id='word_1_67' title='bbox 2727 1331 2745 1360; x_wconf 92' lang='lat'>,</span> <span class='ocrx_word' id='word_1_68' title='bbox 2797 1282 2952 1345; x_wconf 88' lang='lat' dir='ltr'>loco</span> <span class='ocrx_word' id='word_1_69' title='bbox 2996 1301 3271 1344; x_wconf 83' lang='lat' dir='ltr'>movere</span> <span class='ocrx_word' id='word_1_70' title='bbox 3311 1327 3331 1359; x_wconf 89' lang='lat'>,</span> <span class='ocrx_word' id='word_1_71' title='bbox 3375 1282 3662 1347; x_wconf 82' lang='lat' dir='ltr'>alterum</span> <span class='ocrx_word' id='word_1_72' title='bbox 3698 1285 3954 1347; x_wconf 84' lang='lat' dir='ltr'>Roma·</span> 
     </span>
     <span class='ocr_line' id='line_1_16' title="bbox 2441 1378 3958 1462; baseline -0.001 -19"><span class='ocrx_word' id='word_1_73' title='bbox 2441 1398 2681 1443; x_wconf 86' lang='lat' dir='ltr'>norum</span> <span class='ocrx_word' id='word_1_74' title='bbox 2729 1390 3090 1462; x_wconf 81' lang='lat' dir='ltr'>tropaeum</span> <span class='ocrx_word' id='word_1_75' title='bbox 3120 1378 3316 1459; x_wconf 77' lang='lat' dir='ltr'>juxta</span> <span class='ocrx_word' id='word_1_76' title='bbox 3369 1378 3688 1456; x_wconf 63' lang='lat' dir='ltr'>stamine,</span> <span class='ocrx_word' id='word_1_77' title='bbox 3760 1379 3958 1462; x_wconf 80' lang='lat' dir='ltr'>quod·</span> 
     </span>
    </p>
   </div>
   <div class='ocr_carea' id='block_1_9' title="bbox 2316 1474 3956 1554">
    <p class='ocr_par' dir='ltr' id='par_1_9' title="bbox 2316 1474 3956 1554">
     <span class='ocr_line' id='line_1_17' title="bbox 2316 1474 3956 1554; baseline 0 -16"><span class='ocrx_word' id='word_1_78' title='bbox 2316 1480 2320 1485; x_wconf 86' lang='grc'><strong><em>’</em></strong></span> <span class='ocrx_word' id='word_1_79' title='bbox 2444 1476 2621 1539; x_wconf 86' lang='lat' dir='ltr'>adeo</span> <span class='ocrx_word' id='word_1_80' title='bbox 2664 1495 2752 1554; x_wconf 80' lang='grc' dir='ltr'>τῳ</span> <span class='ocrx_word' id='word_1_81' title='bbox 2792 1474 2946 1536; x_wconf 85' lang='lat' dir='ltr'>IlT.</span> <span class='ocrx_word' id='word_1_82' title='bbox 2985 1474 3420 1538; x_wconf 78' lang='lat' dir='ltr'>indicaretur.</span> <span class='ocrx_word' id='word_1_83' title='bbox 3459 1528 3470 1537; x_wconf 72' lang='grc'><strong>,</strong></span> <span class='ocrx_word' id='word_1_84' title='bbox 3523 1477 3616 1536; x_wconf 88' lang='lat' dir='ltr'>At</span> <span class='ocrx_word' id='word_1_85' title='bbox 3642 1486 3785 1537; x_wconf 88' lang='lat' dir='ltr'>tum</span> <span class='ocrx_word' id='word_1_86' title='bbox 3824 1476 3956 1538; x_wconf 85' lang='lat' dir='ltr'>hae</span> 
     </span>
    </p>
   </div>
   <div class='ocr_carea' id='block_1_10' title="bbox 754 1561 2370 3756">
    <p class='ocr_par' dir='ltr' id='par_1_10' title="bbox 1135 1561 2362 1645">
     <span class='ocr_line' id='line_1_18' title="bbox 1135 1561 2362 1645; baseline 0.003 -18"><span class='ocrx_word' id='word_1_87' title='bbox 1135 1562 1345 1645; x_wconf 69' lang='lat' dir='ltr'>Caput</span> <span class='ocrx_word' id='word_1_88' title='bbox 1441 1562 1707 1628; x_wconf 74' lang='lat' dir='ltr'>Veneris</span> <span class='ocrx_word' id='word_1_89' title='bbox 1785 1561 2158 1631; x_wconf 74' lang='lat' dir='ltr'><em>adhaerente</em></span> <span class='ocrx_word' id='word_1_90' title='bbox 2216 1564 2362 1631; x_wconf 77' lang='lat' dir='ltr'>collo</span> 
     </span>
    </p>

    <p class='ocr_par' dir='ltr' id='par_1_11' title="bbox 841 1656 2360 1936">
     <span class='ocr_line' id='line_1_19' title="bbox 1134 1656 1444 1742; baseline -0.01 -20"><span class='ocrx_word' id='word_1_91' title='bbox 1134 1656 1444 1742; x_wconf 69' lang='grc' dir='ltr'><strong>ῶῳὶάίηε.</strong></span> 
     </span>
     <span class='ocr_line' id='line_1_20' title="bbox 847 1753 2360 1842; baseline 0.003 -22"><span class='ocrx_word' id='word_1_92' title='bbox 847 1753 1216 1820; x_wconf 82' lang='lat' dir='ltr'><strong>CAESAR.</strong></span> <span class='ocrx_word' id='word_1_93' title='bbox 1259 1755 1601 1836; x_wconf 82' lang='lat' dir='ltr'><em>Tropaeum</em></span> <span class='ocrx_word' id='word_1_94' title='bbox 1650 1757 1815 1818; x_wconf 74' lang='lat' dir='ltr'>inter</span> <span class='ocrx_word' id='word_1_95' title='bbox 1869 1755 2025 1820; x_wconf 78' lang='lat' dir='ltr'>duos</span> <span class='ocrx_word' id='word_1_96' title='bbox 2080 1762 2360 1842; x_wconf 75' lang='lat' dir='ltr'>captivos</span> 
     </span>
     <span class='ocr_line' id='line_1_21' title="bbox 841 1847 2257 1936; baseline 0 -19"><span class='ocrx_word' id='word_1_97' title='bbox 841 1850 1156 1917; x_wconf 79' lang='lat' dir='ltr'>barbaros</span> <span class='ocrx_word' id='word_1_98' title='bbox 1192 1847 1364 1912; x_wconf 75' lang='lat' dir='ltr'>humi</span> <span class='ocrx_word' id='word_1_99' title='bbox 1397 1851 1693 1936; x_wconf 73' lang='lat' dir='ltr'>fidentes.</span> <span class='ocrx_word' id='word_1_100' title='bbox 1793 1852 1942 1917; x_wconf 90' lang='lat' dir='ltr'>AR.</span> <span class='ocrx_word' id='word_1_101' title='bbox 1983 1853 2257 1935; x_wconf 73' lang='lat' dir='ltr'>obvius,</span> 
     </span>
    </p>

    <p class='ocr_par' dir='ltr' id='par_1_12' title="bbox 801 1942 2361 2318">
     <span class='ocr_line' id='line_1_22' title="bbox 930 1942 2079 2033; baseline 0.003 -24"><span class='ocrx_word' id='word_1_102' title='bbox 930 1976 935 1985; x_wconf 56' lang='lat'><strong>⁴</strong></span> <span class='ocrx_word' id='word_1_103' title='bbox 1130 1942 1341 2033; x_wconf 68' lang='lat' dir='ltr'>‘Caput‘</span> <span class='ocrx_word' id='word_1_104' title='bbox 1379 1944 1660 2011; x_wconf 76' lang='lat' dir='ltr'>Veneris.</span> <span class='ocrx_word' id='word_1_105' title='bbox 2072 1980 2079 1989; x_wconf 91' lang='lat'><em>-</em></span> 
     </span>
     <span class='ocr_line' id='line_1_23' title="bbox 847 2041 2361 2133; baseline 0.002 -25"><span class='ocrx_word' id='word_1_106' title='bbox 847 2043 1219 2108; x_wconf 84' lang='lat' dir='ltr'><strong>CAESAR.</strong></span> <span class='ocrx_word' id='word_1_107' title='bbox 1259 2041 1448 2104; x_wconf 83' lang='lat' dir='ltr'>IMP.</span> <span class='ocrx_word' id='word_1_108' title='bbox 1504 2045 1853 2127; x_wconf 72' lang='lat' dir='ltr'>Tropaeum</span> <span class='ocrx_word' id='word_1_109' title='bbox 1909 2047 2076 2111; x_wconf 71' lang='lat' dir='ltr'>inter</span> <span class='ocrx_word' id='word_1_110' title='bbox 2126 2047 2361 2133; x_wconf 79' lang='lat' dir='ltr'>struem</span> 
     </span>
     <span class='ocr_line' id='line_1_24' title="bbox 801 2138 1852 2221; baseline -0.007 -14"><span class='ocrx_word' id='word_1_111' title='bbox 801 2149 1190 2206; x_wconf 63' lang='lat' dir='ltr'>&#39;armon-um.</span> <span class='ocrx_word' id='word_1_112' title='bbox 1290 2138 1438 2199; x_wconf 81' lang='lat' dir='ltr'>AR.</span> <span class='ocrx_word' id='word_1_113' title='bbox 1491 2139 1852 2221; x_wconf 85' lang='lat' dir='ltr'>(Morelli.)</span> 
     </span>
     <span class='ocr_line' id='line_1_25' title="bbox 1043 2232 2089 2318; baseline 0.006 -22"><span class='ocrx_word' id='word_1_114' title='bbox 1043 2232 1233 2296; x_wconf 86' lang='lat' dir='ltr'>lMP.</span> <span class='ocrx_word' id='word_1_115' title='bbox 1268 2232 1508 2295; x_wconf 87' lang='lat' dir='ltr'><strong>ITER.</strong></span> <span class='ocrx_word' id='word_1_116' title='bbox 1550 2233 1754 2318; x_wconf 78' lang='lat' dir='ltr'>Caput</span> <span class='ocrx_word' id='word_1_117' title='bbox 1807 2235 2089 2303; x_wconf 58' lang='lat' dir='ltr'>Vena-is.</span> 
     </span>
    </p>

    <p class='ocr_par' dir='ltr' id='par_1_13' title="bbox 838 2326 2364 2605">
     <span class='ocr_line' id='line_1_26' title="bbox 848 2326 2364 2418; baseline 0.002 -23"><span class='ocrx_word' id='word_1_118' title='bbox 848 2331 927 2395; x_wconf 89' lang='lat' dir='ltr'>C.</span> <span class='ocrx_word' id='word_1_119' title='bbox 972 2328 1345 2392; x_wconf 83' lang='lat' dir='ltr'><strong>CAESAR.</strong></span> <span class='ocrx_word' id='word_1_120' title='bbox 1413 2326 1491 2391; x_wconf 90' lang='lat' dir='ltr'>C.</span> <span class='ocrx_word' id='word_1_121' title='bbox 1548 2328 1629 2393; x_wconf 75' lang='lat' dir='ltr'>F.</span> <span class='ocrx_word' id='word_1_122' title='bbox 1706 2332 2092 2418; x_wconf 75' lang='lat' dir='ltr'><strong><em>Tropaeum,</em></strong></span> <span class='ocrx_word' id='word_1_123' title='bbox 2159 2334 2364 2418; x_wconf 71' lang='lat' dir='ltr'>Juxta</span> 
     </span>
     <span class='ocr_line' id='line_1_27' title="bbox 845 2425 2361 2514; baseline 0.001 -24"><span class='ocrx_word' id='word_1_124' title='bbox 845 2426 1015 2513; x_wconf 74' lang='lat' dir='ltr'>quod</span> <span class='ocrx_word' id='word_1_125' title='bbox 1044 2427 1328 2508; x_wconf 76' lang='lat' dir='ltr'>captivus</span> <span class='ocrx_word' id='word_1_126' title='bbox 1336 2425 1552 2510; x_wconf 73' lang='lat' dir='ltr'>stam,</span> <span class='ocrx_word' id='word_1_127' title='bbox 1602 2426 1745 2491; x_wconf 72' lang='lat' dir='ltr'>mdo</span> <span class='ocrx_word' id='word_1_128' title='bbox 1781 2450 2008 2492; x_wconf 77' lang='lat' dir='ltr'>currus</span> <span class='ocrx_word' id='word_1_129' title='bbox 2033 2429 2204 2512; x_wconf 80' lang='lat' dir='ltr'>falce</span> <span class='ocrx_word' id='word_1_130' title='bbox 2220 2429 2361 2514; x_wconf 80' lang='lat' dir='ltr'>ser-</span> 
     </span>
     <span class='ocr_line' id='line_1_28' title="bbox 838 2521 2029 2633; baseline -0.003 -47"><span class='ocrx_word' id='word_1_131' title='bbox 838 2532 1001 2588; x_wconf 55' lang='grc' dir='ltr'>γαΐα</span> <span class='ocrx_word' id='word_1_132' title='bbox 1035 2524 1333 2586; x_wconf 69' lang='lat' dir='ltr'>munitus.</span> <span class='ocrx_word' id='word_1_133' title='bbox 1433 2521 1577 2584; x_wconf 85' lang='lat' dir='ltr'><strong>A-R.</strong></span> <span class='ocrx_word' id='word_1_134' title='bbox 1635 2522 2029 2633; x_wconf 80' lang='lat' dir='ltr'><strong>(Metelli.)</strong></span> 
     </span>
    </p>

    <p class='ocr_par' dir='ltr' id='par_1_14' title="bbox 1140 2613 2360 2697">
     <span class='ocr_line' id='line_1_29' title="bbox 1140 2613 2360 2697; baseline 0.002 -20"><span class='ocrx_word' id='word_1_135' title='bbox 1140 2616 1291 2677; x_wconf 84' lang='grc' dir='ltr'><strong>ΠΤ.</strong></span> <span class='ocrx_word' id='word_1_136' title='bbox 1336 2613 1538 2697; x_wconf 75' lang='lat' dir='ltr'>Caput</span> <span class='ocrx_word' id='word_1_137' title='bbox 1627 2616 1931 2695; x_wconf 75' lang='lat' dir='ltr'>Veneris,</span> <span class='ocrx_word' id='word_1_138' title='bbox 2007 2617 2078 2679; x_wconf 89' lang='lat' dir='ltr'>in</span> <span class='ocrx_word' id='word_1_139' title='bbox 2125 2618 2360 2682; x_wconf 81' lang='lat' dir='ltr'>aliis.</span> 
     </span>
    </p>

    <p class='ocr_par' dir='ltr' id='par_1_15' title="bbox 844 2711 2364 3185">
     <span class='ocr_line' id='line_1_30' title="bbox 1141 2711 2220 2797; baseline 0.001 -18"><span class='ocrx_word' id='word_1_140' title='bbox 1141 2720 1330 2797; x_wconf 72' lang='lat' dir='ltr'>caput</span> <span class='ocrx_word' id='word_1_141' title='bbox 1364 2711 1653 2779; x_wconf 79' lang='lat' dir='ltr'>muliebre</span> <span class='ocrx_word' id='word_1_142' title='bbox 1686 2716 1970 2780; x_wconf 72' lang='lat' dir='ltr'>velatum.</span> <span class='ocrx_word' id='word_1_143' title='bbox 2215 2745 2220 2752; x_wconf 92' lang='lat'><strong>·</strong></span> 
     </span>
     <span class='ocr_line' id='line_1_31' title="bbox 844 2809 2364 2903; baseline 0.005 -29"><span class='ocrx_word' id='word_1_144' title='bbox 844 2809 1224 2875; x_wconf 80' lang='lat' dir='ltr'><strong>CAESAR.</strong></span> <span class='ocrx_word' id='word_1_145' title='bbox 1292 2809 1706 2893; x_wconf 81' lang='lat' dir='ltr'><em>Tropaeum,</em></span> <span class='ocrx_word' id='word_1_146' title='bbox 1757 2816 1961 2899; x_wconf 66' lang='lat' dir='ltr'>juxta</span> <span class='ocrx_word' id='word_1_147' title='bbox 2022 2815 2312 2903; x_wconf 66' lang='lat' dir='ltr'>secespita</span> <span class='ocrx_word' id='word_1_148' title='bbox 2343 2859 2364 2893; x_wconf 86' lang='lat'><em>‚</em></span> 
     </span>
     <span class='ocr_line' id='line_1_32' title="bbox 848 2904 2362 2996; baseline 0 -24"><span class='ocrx_word' id='word_1_149' title='bbox 848 2907 1131 2972; x_wconf 82' lang='lat' dir='ltr'>in‘ali0.</span> <span class='ocrx_word' id='word_1_150' title='bbox 1186 2904 1484 2989; x_wconf 64' lang='grc' dir='ltr'>δαμῆναι·</span> <span class='ocrx_word' id='word_1_151' title='bbox 1505 2905 1927 2994; x_wconf 78' lang='lat' dir='ltr'>humisedens.</span> <span class='ocrx_word' id='word_1_152' title='bbox 1980 2914 2126 2974; x_wconf 87' lang='lat' dir='ltr'>AV.</span> <span class='ocrx_word' id='word_1_153' title='bbox 2158 2910 2362 2996; x_wconf 84' lang='lat' dir='ltr'>(Mus.</span> 
     </span>
     <span class='ocr_line' id='line_1_33' title="bbox 838 3001 2362 3091; baseline 0.001 -25.022"><span class='ocrx_word' id='word_1_154' title='bbox 838 3004 1135 3067; x_wconf 83' lang='lat' dir='ltr'>Farnes.</span> <span class='ocrx_word' id='word_1_155' title='bbox 1167 3001 1699 3087; x_wconf 78' lang='lat' dir='ltr'>etBarthelemy</span> <span class='ocrx_word' id='word_1_156' title='bbox 1720 3028 1801 3068; x_wconf 85' lang='lat' dir='ltr'>ex</span> <span class='ocrx_word' id='word_1_157' title='bbox 1838 3006 1992 3072; x_wconf 83' lang='lat' dir='ltr'>mus.</span> <span class='ocrx_word' id='word_1_158' title='bbox 2018 3027 2157 3091; x_wconf 86' lang='lat' dir='ltr'>reg.</span> <span class='ocrx_word' id='word_1_159' title='bbox 2184 3005 2362 3070; x_wconf 86' lang='lat' dir='ltr'><strong>Gall.</strong></span> 
     </span>
     <span class='ocr_line' id='line_1_34' title="bbox 852 3097 2365 3185; baseline 0.001 -23"><span class='ocrx_word' id='word_1_160' title='bbox 852 3099 931 3163; x_wconf 90' lang='lat' dir='ltr'>B.</span> <span class='ocrx_word' id='word_1_161' title='bbox 971 3099 1051 3176; x_wconf 91' lang='lat' dir='ltr'>L.</span> <span class='ocrx_word' id='word_1_162' title='bbox 1093 3099 1296 3162; x_wconf 81' lang='lat' dir='ltr'>Tum.</span> <span class='ocrx_word' id='word_1_163' title='bbox 1340 3097 1547 3161; x_wconf 88' lang='lat' dir='ltr'>XXX.</span> <span class='ocrx_word' id='word_1_164' title='bbox 1566 3120 1652 3184; x_wconf 94' lang='grc' dir='ltr'>-Ρ.</span> <span class='ocrx_word' id='word_1_165' title='bbox 1692 3100 1895 3185; x_wconf 87' lang='lat'>374.)</span> <span class='ocrx_word' id='word_1_166' title='bbox 1974 3103 2111 3164; x_wconf 87' lang='lat' dir='ltr'>AR.</span> <span class='ocrx_word' id='word_1_167' title='bbox 2155 3101 2365 3165; x_wconf 87' lang='lat' dir='ltr'>obvii.</span> 
     </span>
    </p>

    <p class='ocr_par' dir='ltr' id='par_1_16' title="bbox 952 3184 2364 3282">
     <span class='ocr_line' id='line_1_35' title="bbox 952 3184 2364 3282; baseline 0.001 -26"><span class='ocrx_word' id='word_1_168' title='bbox 952 3194 1141 3277; x_wconf 78' lang='lat' dir='ltr'>Typi</span> <span class='ocrx_word' id='word_1_169' title='bbox 1212 3184 1519 3257; x_wconf 79' lang='lat' dir='ltr'><strong>Caesaris</strong></span> <span class='ocrx_word' id='word_1_170' title='bbox 1570 3197 1893 3260; x_wconf 85' lang='lat' dir='ltr'>victorias</span> <span class='ocrx_word' id='word_1_171' title='bbox 1944 3198 2364 3282; x_wconf 87' lang='lat' dir='ltr'>praedicant.</span> 
     </span>
    </p>

    <p class='ocr_par' dir='ltr' id='par_1_17' title="bbox 754 3287 2369 3756">
     <span class='ocr_line' id='line_1_36' title="bbox 840 3287 2366 3369; baseline 0.001 -17"><span class='ocrx_word' id='word_1_172' title='bbox 840 3287 951 3352; x_wconf 79' lang='lat' dir='ltr'>‘In&#39;</span> <span class='ocrx_word' id='word_1_173' title='bbox 969 3308 1197 3351; x_wconf 88' lang='lat' dir='ltr'>numo</span> <span class='ocrx_word' id='word_1_174' title='bbox 1233 3287 1333 3352; x_wconf 87' lang='lat'>11.</span> <span class='ocrx_word' id='word_1_175' title='bbox 1363 3287 1607 3352; x_wconf 84' lang='lat' dir='ltr'>Caesar</span> <span class='ocrx_word' id='word_1_176' title='bbox 1647 3294 1822 3356; x_wconf 88' lang='lat' dir='ltr'>nude</span> <span class='ocrx_word' id='word_1_177' title='bbox 1871 3294 2059 3355; x_wconf 82' lang='lat' dir='ltr'>IMP.</span> <span class='ocrx_word' id='word_1_178' title='bbox 2078 3293 2366 3369; x_wconf 79' lang='lat' dir='ltr'>dicitur,</span> 
     </span>
     <span class='ocr_line' id='line_1_37' title="bbox 856 3385 2368 3468; baseline 0.002 -21"><span class='ocrx_word' id='word_1_179' title='bbox 856 3385 943 3447; x_wconf 80' lang='lat' dir='ltr'>in</span> <span class='ocrx_word' id='word_1_180' title='bbox 968 3385 1083 3446; x_wconf 86' lang='lat'>111.</span> <span class='ocrx_word' id='word_1_181' title='bbox 1126 3397 1351 3447; x_wconf 86' lang='lat' dir='ltr'>autem</span> <span class='ocrx_word' id='word_1_182' title='bbox 1395 3386 1584 3451; x_wconf 84' lang='lat' dir='ltr'>IMP.</span> <span class='ocrx_word' id='word_1_183' title='bbox 1626 3388 1907 3463; x_wconf 86' lang='lat' dir='ltr'><strong>ITER.,</strong></span> <span class='ocrx_word' id='word_1_184' title='bbox 1961 3390 2051 3450; x_wconf 87' lang='lat' dir='ltr'>de</span> <span class='ocrx_word' id='word_1_185' title='bbox 2087 3403 2222 3468; x_wconf 85' lang='lat' dir='ltr'>quo</span> <span class='ocrx_word' id='word_1_186' title='bbox 2251 3408 2368 3450; x_wconf 83' lang='lat' dir='ltr'>va·</span> 
     </span>
     <span class='ocr_line' id='line_1_38' title="bbox 754 3480 2369 3568; baseline 0.002 -24"><span class='ocrx_word' id='word_1_187' title='bbox 754 3539 759 3544; x_wconf 91' lang='lat'>.</span> <span class='ocrx_word' id='word_1_188' title='bbox 856 3480 961 3541; x_wconf 89' lang='lat' dir='ltr'>rio</span> <span class='ocrx_word' id='word_1_189' title='bbox 1006 3482 1215 3543; x_wconf 70' lang='lat' dir='ltr'>medo</span> <span class='ocrx_word' id='word_1_190' title='bbox 1250 3501 1528 3566; x_wconf 78' lang='lat' dir='ltr'>agemus</span> <span class='ocrx_word' id='word_1_191' title='bbox 1561 3481 1739 3546; x_wconf 85' lang='lat' dir='ltr'>infra</span> <span class='ocrx_word' id='word_1_192' title='bbox 1776 3483 1889 3544; x_wconf 88' lang='lat' dir='ltr'>sub</span> <span class='ocrx_word' id='word_1_193' title='bbox 1929 3484 2123 3545; x_wconf 84' lang='lat' dir='ltr'>titulo</span> <span class='ocrx_word' id='word_1_194' title='bbox 2169 3486 2369 3568; x_wconf 83' lang='lat' dir='ltr'>Impe-</span> 
     </span>
     <span class='ocr_line' id='line_1_39' title="bbox 853 3576 2369 3663; baseline 0.002 -24"><span class='ocrx_word' id='word_1_195' title='bbox 853 3581 1064 3640; x_wconf 73' lang='lat' dir='ltr'>rator.</span> <span class='ocrx_word' id='word_1_196' title='bbox 1166 3576 1530 3638; x_wconf 83' lang='lat' dir='ltr'>Verifimile</span> <span class='ocrx_word' id='word_1_197' title='bbox 1567 3576 1698 3656; x_wconf 83' lang='lat' dir='ltr'>est,</span> <span class='ocrx_word' id='word_1_198' title='bbox 1793 3584 1973 3663; x_wconf 90' lang='lat' dir='ltr'>quod</span> <span class='ocrx_word' id='word_1_199' title='bbox 2054 3580 2369 3643; x_wconf 88' lang='lat' dir='ltr'>observat</span> 
     </span>
     <span class='ocr_line' id='line_1_40' title="bbox 858 3672 2370 3756; baseline 0.001 -20"><span class='ocrx_word' id='word_1_200' title='bbox 858 3672 1313 3748; x_wconf 76' lang='lat' dir='ltr'>VaillantiuS‚</span> <span class='ocrx_word' id='word_1_201' title='bbox 1387 3679 1979 3756; x_wconf 81' lang='lat' dir='ltr'>tropaeumnumi</span> <span class='ocrx_word' id='word_1_202' title='bbox 2030 3675 2151 3741; x_wconf 89' lang='lat'>111.</span> <span class='ocrx_word' id='word_1_203' title='bbox 2199 3674 2370 3738; x_wconf 82' lang='lat' dir='ltr'>refe-</span> 
     </span>
    </p>
   </div>
   <div class='ocr_carea' id='block_1_11' title="bbox 727 3768 2373 3850">
    <p class='ocr_par' dir='ltr' id='par_1_18' title="bbox 727 3768 2373 3850">
     <span class='ocr_line' id='line_1_41' title="bbox 727 3768 2373 3850; baseline 0.002 -19"><span class='ocrx_word' id='word_1_204' title='bbox 727 3790 731 3794; x_wconf 91' lang='lat'><em>·</em></span> <span class='ocrx_word' id='word_1_205' title='bbox 860 3770 1149 3832; x_wconf 80' lang='lat' dir='ltr'>rendum</span> <span class='ocrx_word' id='word_1_206' title='bbox 1189 3769 1674 3831; x_wconf 83' lang='lat' dir='ltr'>ad·victoriam</span> <span class='ocrx_word' id='word_1_207' title='bbox 1715 3768 2099 3850; x_wconf 70' lang='lat' dir='ltr'>Gallicam,</span> <span class='ocrx_word' id='word_1_208' title='bbox 2157 3773 2373 3836; x_wconf 78' lang='lat' dir='ltr'>etad-</span> 
     </span>
    </p>
   </div>
   <div class='ocr_carea' id='block_1_12' title="bbox 857 3861 2379 4526">
    <p class='ocr_par' dir='ltr' id='par_1_19' title="bbox 857 3861 2379 4526">
     <span class='ocr_line' id='line_1_42' title="bbox 859 3861 2369 3953; baseline 0.003 -27"><span class='ocrx_word' id='word_1_209' title='bbox 859 3861 1138 3926; x_wconf 78' lang='lat' dir='ltr'>stantem</span> <span class='ocrx_word' id='word_1_210' title='bbox 1177 3866 1523 3948; x_wconf 82' lang='lat' dir='ltr'>captivum</span> <span class='ocrx_word' id='word_1_211' title='bbox 1575 3865 1698 3926; x_wconf 77' lang='lat' dir='ltr'>ess&#39;e</span> <span class='ocrx_word' id='word_1_212' title='bbox 1755 3869 2369 3953; x_wconf 68' lang='lat' dir='ltr'>Vercingetorigem</span> 
     </span>
     <span class='ocr_line' id='line_1_43' title="bbox 857 3957 2371 4046; baseline 0.005 -27"><span class='ocrx_word' id='word_1_213' title='bbox 857 3975 1140 4046; x_wconf 54' lang='lat' dir='ltr'>regem.</span> <span class='ocrx_word' id='word_1_214' title='bbox 1164 3959 1305 4041; x_wconf 77' lang='lat' dir='ltr'>&#39;qui</span> <span class='ocrx_word' id='word_1_215' title='bbox 1347 3957 1592 4022; x_wconf 85' lang='lat' dir='ltr'>Alexia</span> <span class='ocrx_word' id='word_1_216' title='bbox 1654 3974 1858 4046; x_wconf 80' lang='lat' dir='ltr'>capta</span> <span class='ocrx_word' id='word_1_217' title='bbox 1892 3964 1979 4025; x_wconf 86' lang='lat' dir='ltr'>‘in</span> <span class='ocrx_word' id='word_1_218' title='bbox 2062 3964 2371 4027; x_wconf 80' lang='lat' dir='ltr'>Caesaris</span> 
     </span>
     <span class='ocr_line' id='line_1_44' title="bbox 862 4050 2373 4143; baseline 0.004 -28"><span class='ocrx_word' id='word_1_219' title='bbox 862 4050 1263 4139; x_wconf 73' lang='lat' dir='ltr'>potestatem</span> <span class='ocrx_word' id='word_1_220' title='bbox 1301 4056 1534 4133; x_wconf 80' lang='lat' dir='ltr'>venit,</span> <span class='ocrx_word' id='word_1_221' title='bbox 1587 4076 1637 4118; x_wconf 87' lang='lat' dir='ltr'>a</span> <span class='ocrx_word' id='word_1_222' title='bbox 1668 4078 1805 4138; x_wconf 80' lang='lat' dir='ltr'>quo</span> <span class='ocrx_word' id='word_1_223' title='bbox 1835 4060 1922 4119; x_wconf 87' lang='lat' dir='ltr'>ad</span> <span class='ocrx_word' id='word_1_224' title='bbox 1961 4059 2373 4143; x_wconf 81' lang='lat' dir='ltr'>triumphum</span> 
     </span>
     <span class='ocr_line' id='line_1_45' title="bbox 862 4148 2375 4236; baseline 0.003 -26"><span class='ocrx_word' id='word_1_225' title='bbox 862 4148 1277 4227; x_wconf 76' lang='lat' dir='ltr'>reservatus,</span> <span class='ocrx_word' id='word_1_226' title='bbox 1333 4170 1412 4212; x_wconf 89' lang='lat' dir='ltr'>ac</span> <span class='ocrx_word' id='word_1_227' title='bbox 1458 4150 1597 4234; x_wconf 81' lang='lat' dir='ltr'>post</span> <span class='ocrx_word' id='word_1_228' title='bbox 1641 4174 1789 4215; x_wconf 87' lang='lat' dir='ltr'>eum</span> <span class='ocrx_word' id='word_1_229' title='bbox 1834 4157 1912 4216; x_wconf 93' lang='lat' dir='ltr'>V.</span> <span class='ocrx_word' id='word_1_230' title='bbox 1969 4154 2043 4218; x_wconf 92' lang='lat' dir='ltr'>C.</span> <span class='ocrx_word' id='word_1_231' title='bbox 2076 4161 2218 4236; x_wconf 87' lang='lat'>&#39;708</span> <span class='ocrx_word' id='word_1_232' title='bbox 2266 4167 2375 4216; x_wconf 84' lang='lat' dir='ltr'>ne</span> 
     </span>
     <span class='ocr_line' id='line_1_46' title="bbox 864 4234 2375 4335; baseline 0.003 -27"><span class='ocrx_word' id='word_1_233' title='bbox 864 4258 1059 4308; x_wconf 84' lang='lat' dir='ltr'>catus</span> <span class='ocrx_word' id='word_1_234' title='bbox 1101 4243 1209 4308; x_wconf 85' lang='lat' dir='ltr'>est.</span> <span class='ocrx_word' id='word_1_235' title='bbox 1261 4234 1327 4327; x_wconf 75' lang='grc'>1’)</span> <span class='ocrx_word' id='word_1_236' title='bbox 1383 4245 1652 4311; x_wconf 83' lang='lat' dir='ltr'>Literae</span> <span class='ocrx_word' id='word_1_237' title='bbox 1700 4251 1848 4312; x_wconf 90' lang='lat' dir='ltr'>11T.</span> <span class='ocrx_word' id='word_1_238' title='bbox 1906 4253 2088 4313; x_wconf 88' lang='lat' dir='ltr'>numi</span> <span class='ocrx_word' id='word_1_239' title='bbox 2129 4248 2375 4335; x_wconf 83' lang='lat' dir='ltr'>postre-</span> 
     </span>
     <span class='ocr_line' id='line_1_47' title="bbox 867 4328 2374 4434; baseline 0.004 -33"><span class='ocrx_word' id='word_1_240' title='bbox 867 4342 963 4406; x_wconf 85' lang='lat' dir='ltr'>mi</span> <span class='ocrx_word' id='word_1_241' title='bbox 994 4328 1312 4426; x_wconf 80' lang='lat' dir='ltr'>aenigma</span> <span class='ocrx_word' id='word_1_242' title='bbox 1343 4343 1705 4407; x_wconf 79' lang='lat' dir='ltr'>offerunt.</span> <span class='ocrx_word' id='word_1_243' title='bbox 1754 4345 1893 4408; x_wconf 87' lang='lat' dir='ltr'>Eas</span> <span class='ocrx_word' id='word_1_244' title='bbox 1928 4346 2374 4434; x_wconf 83' lang='lat' dir='ltr'>Vaillantius,</span> 
     </span>
     <span class='ocr_line' id='line_1_48' title="bbox 871 4434 2379 4526; baseline 0.007 -30"><span class='ocrx_word' id='word_1_245' title='bbox 871 4434 1123 4517; x_wconf 84' lang='lat' dir='ltr'>aliique</span> <span class='ocrx_word' id='word_1_246' title='bbox 1164 4440 1687 4522; x_wconf 65' lang='lat' dir='ltr'>interpretantur</span> <span class='ocrx_word' id='word_1_247' title='bbox 1720 4441 1807 4504; x_wconf 90' lang='lat'>11.</span> <span class='ocrx_word' id='word_1_248' title='bbox 1854 4443 2259 4526; x_wconf 77' lang='lat' dir='ltr'>Tropaeum,</span> <span class='ocrx_word' id='word_1_249' title='bbox 2311 4454 2379 4506; x_wconf 88' lang='lat' dir='ltr'>et</span> 
     </span>
    </p>
   </div>
   <div class='ocr_carea' id='block_1_13' title="bbox 882 4605 2353 4720">
    <p class='ocr_par' dir='ltr' id='par_1_20' title="bbox 882 4605 2353 4720">
     <span class='ocr_line' id='line_1_49' title="bbox 882 4605 2353 4720; baseline 0.006 -23"><span class='ocrx_word' id='word_1_250' title='bbox 882 4605 897 4620; x_wconf 32' lang='grc' dir='ltr'><strong><em>θ</em></strong></span> <span class='ocrx_word' id='word_1_251' title='bbox 935 4648 996 4710; x_wconf 64' lang='lat' dir='ltr'>a)</span> <span class='ocrx_word' id='word_1_252' title='bbox 1032 4607 1231 4714; x_wconf 72' lang='lat' dir='ltr'>Satyra</span> <span class='ocrx_word' id='word_1_253' title='bbox 1267 4648 1402 4708; x_wconf 78' lang='lat' dir='ltr'>XII.</span> <span class='ocrx_word' id='word_1_254' title='bbox 1440 4665 1493 4701; x_wconf 69' lang='lat' dir='ltr'>v-</span> <span class='ocrx_word' id='word_1_255' title='bbox 1536 4654 1649 4703; x_wconf 72' lang='lat'>206.</span> <span class='ocrx_word' id='word_1_256' title='bbox 1710 4649 1727 4660; x_wconf 78' lang='grc'><strong><em>’</em></strong></span> <span class='ocrx_word' id='word_1_257' title='bbox 1822 4611 2184 4720; x_wconf 30' lang='lat' dir='ltr'>b)·Pluta&#39;reh.</span> <span class='ocrx_word' id='word_1_258' title='bbox 2221 4651 2353 4706; x_wconf 81' lang='lat' dir='ltr'>Dio.</span> 
     </span>
    </p>
   </div>
   <div class='ocr_carea' id='block_1_14' title="bbox 2440 1570 3971 2227">
    <p class='ocr_par' dir='ltr' id='par_1_21' title="bbox 2440 1570 3971 2227">
     <span class='ocr_line' id='line_1_50' title="bbox 2440 1570 3953 1653; baseline 0.001 -20"><span class='ocrx_word' id='word_1_259' title='bbox 2440 1570 2676 1633; x_wconf 82' lang='lat' dir='ltr'>literae</span> <span class='ocrx_word' id='word_1_260' title='bbox 2717 1570 2944 1653; x_wconf 87' lang='lat' dir='ltr'>potius</span> <span class='ocrx_word' id='word_1_261' title='bbox 2980 1581 3272 1652; x_wconf 85' lang='lat' dir='ltr'>tropaeo</span> <span class='ocrx_word' id='word_1_262' title='bbox 3299 1617 3318 1647; x_wconf 88' lang='lat'><strong>,</strong></span> <span class='ocrx_word' id='word_1_263' title='bbox 3367 1589 3503 1634; x_wconf 85' lang='lat' dir='ltr'>non</span> <span class='ocrx_word' id='word_1_264' title='bbox 3535 1572 3818 1634; x_wconf 88' lang='lat' dir='ltr'>Veneris</span> <span class='ocrx_word' id='word_1_265' title='bbox 3843 1589 3953 1634; x_wconf 87' lang='lat' dir='ltr'>ca·</span> 
     </span>
     <span class='ocr_line' id='line_1_51' title="bbox 2441 1662 3951 1751; baseline 0.002 -24"><span class='ocrx_word' id='word_1_266' title='bbox 2441 1667 2567 1751; x_wconf 86' lang='lat' dir='ltr'>piti</span> <span class='ocrx_word' id='word_1_267' title='bbox 2602 1663 2873 1727; x_wconf 81' lang='lat' dir='ltr'>fuerant</span> <span class='ocrx_word' id='word_1_268' title='bbox 2922 1662 3404 1729; x_wconf 85' lang='lat' dir='ltr'>adstituendae.</span> <span class='ocrx_word' id='word_1_269' title='bbox 3532 1666 3951 1730; x_wconf 81' lang='lat' dir='ltr'>Havercam-</span> 
     </span>
     <span class='ocr_line' id='line_1_52' title="bbox 2443 1759 3952 1848; baseline 0 -25"><span class='ocrx_word' id='word_1_270' title='bbox 2443 1781 2571 1848; x_wconf 88' lang='lat' dir='ltr'>pus</span> <span class='ocrx_word' id='word_1_271' title='bbox 2604 1762 2673 1823; x_wconf 89' lang='lat' dir='ltr'>in</span> <span class='ocrx_word' id='word_1_272' title='bbox 2704 1759 2837 1823; x_wconf 85' lang='lat' dir='ltr'>hoc</span> <span class='ocrx_word' id='word_1_273' title='bbox 2879 1770 3168 1843; x_wconf 87' lang='lat' dir='ltr'>tropaeo</span> <span class='ocrx_word' id='word_1_274' title='bbox 3193 1760 3406 1825; x_wconf 82' lang='lat' dir='ltr'>&#39;arma</span> <span class='ocrx_word' id='word_1_275' title='bbox 3451 1761 3679 1844; x_wconf 83' lang='lat' dir='ltr'>potius</span> <span class='ocrx_word' id='word_1_276' title='bbox 3714 1761 3952 1846; x_wconf 79' lang='lat' dir='ltr'>Hispa·</span> 
     </span>
     <span class='ocr_line' id='line_1_53' title="bbox 2443 1852 3951 1939; baseline 0 -20"><span class='ocrx_word' id='word_1_277' title='bbox 2443 1855 2694 1920; x_wconf 84' lang='lat' dir='ltr'>nienfia</span> <span class='ocrx_word' id='word_1_278' title='bbox 2733 1856 2961 1931; x_wconf 84' lang='lat' dir='ltr'>videt,</span> <span class='ocrx_word' id='word_1_279' title='bbox 3014 1872 3097 1915; x_wconf 86' lang='lat' dir='ltr'>ac</span> <span class='ocrx_word' id='word_1_280' title='bbox 3141 1867 3507 1939; x_wconf 83' lang='lat' dir='ltr'>propterea</span> <span class='ocrx_word' id='word_1_281' title='bbox 3553 1852 3951 1919; x_wconf 87' lang='lat' dir='ltr'>referendos</span> 
     </span>
     <span class='ocr_line' id='line_1_54' title="bbox 2440 1950 3952 2036; baseline 0 -21"><span class='ocrx_word' id='word_1_282' title='bbox 2440 1953 2670 2036; x_wconf 88' lang='lat' dir='ltr'>potius</span> <span class='ocrx_word' id='word_1_283' title='bbox 2701 1950 2832 2013; x_wconf 87' lang='lat' dir='ltr'>hos</span> <span class='ocrx_word' id='word_1_284' title='bbox 2869 1968 3110 2012; x_wconf 86' lang='lat' dir='ltr'>numos</span> <span class='ocrx_word' id='word_1_285' title='bbox 3147 1950 3236 2012; x_wconf 82' lang='lat' dir='ltr'>ad</span> <span class='ocrx_word' id='word_1_286' title='bbox 3294 1951 3656 2015; x_wconf 84' lang='lat' dir='ltr'>victoriam</span> <span class='ocrx_word' id='word_1_287' title='bbox 3694 1952 3780 2014; x_wconf 86' lang='lat' dir='ltr'>de</span> <span class='ocrx_word' id='word_1_288' title='bbox 3832 1953 3952 2015; x_wconf 85' lang='lat' dir='ltr'>Hi-</span> 
     </span>
     <span class='ocr_line' id='line_1_55' title="bbox 2441 2046 3956 2133; baseline 0.001 -24"><span class='ocrx_word' id='word_1_289' title='bbox 2441 2047 2663 2133; x_wconf 82' lang='lat' dir='ltr'>spanis</span> <span class='ocrx_word' id='word_1_290' title='bbox 2698 2047 3014 2129; x_wconf 80' lang='lat' dir='ltr'>relatam,</span> <span class='ocrx_word' id='word_1_291' title='bbox 3066 2046 3252 2127; x_wconf 82' lang='lat' dir='ltr'>cujus</span> <span class='ocrx_word' id='word_1_292' title='bbox 3284 2046 3647 2109; x_wconf 80' lang='lat' dir='ltr'>sententiae</span> <span class='ocrx_word' id='word_1_293' title='bbox 3687 2047 3956 2110; x_wconf 72' lang='lat' dir='ltr'>aceedit</span> 
     </span>
     <span class='ocr_line' id='line_1_56' title="bbox 2441 2140 3971 2227; baseline -0.001 -22"><span class='ocrx_word' id='word_1_294' title='bbox 2441 2162 2710 2227; x_wconf 89' lang='lat' dir='ltr'>quoque</span> <span class='ocrx_word' id='word_1_295' title='bbox 2741 2140 3304 2223; x_wconf 80' lang='lat' dir='ltr'>Barthelemyus.-</span> <span class='ocrx_word' id='word_1_296' title='bbox 3336 2141 3397 2224; x_wconf 54' lang='grc' dir='ltr'>θ)</span> <span class='ocrx_word' id='word_1_297' title='bbox 3495 2140 3680 2204; x_wconf 84' lang='lat' dir='ltr'>Nihil</span> <span class='ocrx_word' id='word_1_298' title='bbox 3727 2142 3971 2204; x_wconf 72' lang='lat' dir='ltr'>nacte--</span> 
     </span>
    </p>
   </div>
   <div class='ocr_carea' id='block_1_15' title="bbox 2417 2235 4086 2417">
    <p class='ocr_par' dir='ltr' id='par_1_22' title="bbox 2417 2235 4086 2417">
     <span class='ocr_line' id='line_1_57' title="bbox 2441 2235 4086 2323; baseline -0.001 -22"><span class='ocrx_word' id='word_1_299' title='bbox 2441 2258 2566 2302; x_wconf 86' lang='lat' dir='ltr'>nus</span> <span class='ocrx_word' id='word_1_300' title='bbox 2592 2239 3032 2321; x_wconf 80' lang='lat' dir='ltr'>expeditum.-</span> <span class='ocrx_word' id='word_1_301' title='bbox 3109 2237 3312 2301; x_wconf 85' lang='lat' dir='ltr'>Forte</span> <span class='ocrx_word' id='word_1_302' title='bbox 3332 2239 3556 2300; x_wconf 86' lang='lat' dir='ltr'>verius</span> <span class='ocrx_word' id='word_1_303' title='bbox 3589 2235 3955 2323; x_wconf 82' lang='lat' dir='ltr'>fignificant</span> <span class='ocrx_word' id='word_1_304' title='bbox 4079 2302 4086 2309; x_wconf 72' lang='grc'><strong>,</strong></span> 
     </span>
     <span class='ocr_line' id='line_1_58' title="bbox 2417 2332 3950 2417; baseline -0.001 -20"><span class='ocrx_word' id='word_1_305' title='bbox 2417 2336 2512 2397; x_wconf 81' lang='lat' dir='ltr'>,id</span> <span class='ocrx_word' id='word_1_306' title='bbox 2536 2380 2554 2410; x_wconf 90' lang='lat'>,</span> <span class='ocrx_word' id='word_1_307' title='bbox 2608 2333 2903 2417; x_wconf 87' lang='lat' dir='ltr'>quod-in</span> <span class='ocrx_word' id='word_1_308' title='bbox 2939 2351 3159 2394; x_wconf 86' lang='lat' dir='ltr'>-numo</span> <span class='ocrx_word' id='word_1_309' title='bbox 3205 2335 3651 2415; x_wconf 81' lang='lat' dir='ltr'>praecedente</span> <span class='ocrx_word' id='word_1_310' title='bbox 3686 2332 3950 2416; x_wconf 77' lang='lat' dir='ltr'>plenius</span> 
     </span>
    </p>
   </div>
   <div class='ocr_carea' id='block_1_16' title="bbox 2438 2425 3954 2606">
    <p class='ocr_par' dir='ltr' id='par_1_23' title="bbox 2438 2425 3954 2606">
     <span class='ocr_line' id='line_1_59' title="bbox 2438 2425 3954 2513; baseline 0.001 -23"><span class='ocrx_word' id='word_1_311' title='bbox 2438 2429 2752 2512; x_wconf 81' lang='lat' dir='ltr'>scriptum</span> <span class='ocrx_word' id='word_1_312' title='bbox 2792 2425 2915 2491; x_wconf 82' lang='lat' dir='ltr'>est:</span> <span class='ocrx_word' id='word_1_313' title='bbox 2970 2427 3157 2489; x_wconf 85' lang='lat' dir='ltr'>lMP.</span> <span class='ocrx_word' id='word_1_314' title='bbox 3200 2428 3440 2490; x_wconf 90' lang='lat' dir='ltr'>ITER.</span> <span class='ocrx_word' id='word_1_315' title='bbox 3540 2428 3954 2513; x_wconf 84' lang='lat' dir='ltr'>Videplura</span> 
     </span>
     <span class='ocr_line' id='line_1_60' title="bbox 2438 2520 3526 2606; baseline 0.003 -21"><span class='ocrx_word' id='word_1_316' title='bbox 2438 2520 2625 2586; x_wconf 83' lang='lat' dir='ltr'>infra</span> <span class='ocrx_word' id='word_1_317' title='bbox 2661 2524 2752 2584; x_wconf 90' lang='lat' dir='ltr'>ad</span> <span class='ocrx_word' id='word_1_318' title='bbox 2779 2522 3050 2584; x_wconf 89' lang='lat' dir='ltr'>titulum</span> <span class='ocrx_word' id='word_1_319' title='bbox 3087 2523 3526 2606; x_wconf 69' lang='lat' dir='ltr'>Imperatoris.</span> 
     </span>
    </p>
   </div>
   <div class='ocr_carea' id='block_1_17' title="bbox 2786 2714 3608 2899">
    <p class='ocr_par' dir='ltr' id='par_1_24' title="bbox 2786 2714 3608 2899">
     <span class='ocr_line' id='line_1_61' title="bbox 2790 2714 3607 2804; baseline 0 -22"><span class='ocrx_word' id='word_1_320' title='bbox 2790 2714 2877 2782; x_wconf 80' lang='lat' dir='ltr'>V.</span> <span class='ocrx_word' id='word_1_321' title='bbox 2933 2716 3002 2782; x_wconf 85' lang='lat' dir='ltr'>C.</span> <span class='ocrx_word' id='word_1_322' title='bbox 3039 2737 3198 2803; x_wconf 81' lang='lat'>707.</span> <span class='ocrx_word' id='word_1_323' title='bbox 3236 2717 3324 2784; x_wconf 84' lang='lat' dir='ltr'>A.</span> <span class='ocrx_word' id='word_1_324' title='bbox 3358 2717 3448 2785; x_wconf 85' lang='lat' dir='ltr'>X.</span> <span class='ocrx_word' id='word_1_325' title='bbox 3486 2738 3607 2804; x_wconf 79' lang='lat'>47.</span> 
     </span>
     <span class='ocr_line' id='line_1_62' title="bbox 2786 2811 3608 2899; baseline 0.006 -22"><span class='ocrx_word' id='word_1_326' title='bbox 2786 2811 2967 2877; x_wconf 87' lang='lat' dir='ltr'>COS.</span> <span class='ocrx_word' id='word_1_327' title='bbox 3002 2814 3124 2899; x_wconf 60' lang='lat'>11.</span> <span class='ocrx_word' id='word_1_328' title='bbox 3144 2813 3382 2881; x_wconf 80' lang='lat' dir='ltr'>DICT.</span> <span class='ocrx_word' id='word_1_329' title='bbox 3404 2817 3463 2879; x_wconf 75' lang='lat' dir='ltr'>I:</span> <span class='ocrx_word' id='word_1_330' title='bbox 3498 2816 3608 2882; x_wconf 88' lang='grc' dir='ltr'>ΙΙ.</span> 
     </span>
    </p>
   </div>
   <div class='ocr_carea' id='block_1_18' title="bbox 2442 2993 4090 3473">
    <p class='ocr_par' dir='ltr' id='par_1_25' title="bbox 2442 2993 4090 3473">
     <span class='ocr_line' id='line_1_63' title="bbox 2735 2993 4090 3098; baseline 0.001 -30"><span class='ocrx_word' id='word_1_331' title='bbox 2735 2993 2811 3068; x_wconf 87' lang='lat' dir='ltr'>C.</span> <span class='ocrx_word' id='word_1_332' title='bbox 2852 3003 3223 3069; x_wconf 87' lang='lat' dir='ltr'><strong>CAESAR.</strong></span> <span class='ocrx_word' id='word_1_333' title='bbox 3262 3005 3451 3098; x_wconf 69' lang='lat' dir='ltr'>IMP.</span> <span class='ocrx_word' id='word_1_334' title='bbox 3486 3002 3678 3069; x_wconf 90' lang='lat' dir='ltr'>COS.</span> <span class='ocrx_word' id='word_1_335' title='bbox 3711 3003 3952 3071; x_wconf 65' lang='lat' dir='ltr'>ITER..</span> <span class='ocrx_word' id='word_1_336' title='bbox 4079 3067 4090 3082; x_wconf 75' lang='grc'><strong>,</strong></span> 
     </span>
     <span class='ocr_line' id='line_1_64' title="bbox 2733 3099 3267 3184; baseline 0 -18"><span class='ocrx_word' id='word_1_337' title='bbox 2733 3101 2939 3184; x_wconf 69' lang='lat' dir='ltr'>Caput</span> <span class='ocrx_word' id='word_1_338' title='bbox 2983 3099 3267 3166; x_wconf 75' lang='lat' dir='ltr'>Veneris.</span> 
     </span>
     <span class='ocr_line' id='line_1_65' title="bbox 2447 3194 3955 3262; baseline 0.005 -6"><span class='ocrx_word' id='word_1_339' title='bbox 2447 3194 2534 3256; x_wconf 93' lang='lat' dir='ltr'>A.</span> <span class='ocrx_word' id='word_1_340' title='bbox 2575 3195 3047 3259; x_wconf 75' lang='lat' dir='ltr'>ALLIENVS.</span> <span class='ocrx_word' id='word_1_341' title='bbox 3096 3197 3302 3260; x_wconf 88' lang='lat' dir='ltr'><strong>PRO.</strong></span> <span class='ocrx_word' id='word_1_342' title='bbox 3343 3195 3534 3260; x_wconf 92' lang='lat' dir='ltr'>COS.</span> <span class='ocrx_word' id='word_1_343' title='bbox 3583 3197 3713 3262; x_wconf 82' lang='lat' dir='ltr'>Vir</span> <span class='ocrx_word' id='word_1_344' title='bbox 3744 3197 3955 3262; x_wconf 73' lang='lat' dir='ltr'>nudus</span> 
     </span>
     <span class='ocr_line' id='line_1_66' title="bbox 2442 3285 3958 3381; baseline 0.003 -28"><span class='ocrx_word' id='word_1_345' title='bbox 2442 3289 2504 3353; x_wconf 85' lang='lat' dir='ltr'>d.</span> <span class='ocrx_word' id='word_1_346' title='bbox 2525 3285 2678 3374; x_wconf 79' lang='lat' dir='ltr'>pede</span> <span class='ocrx_word' id='word_1_347' title='bbox 2697 3309 2937 3376; x_wconf 78' lang='lat' dir='ltr'>prorae</span> <span class='ocrx_word' id='word_1_348' title='bbox 2983 3295 3165 3356; x_wconf 79' lang='lat' dir='ltr'>navis</span> <span class='ocrx_word' id='word_1_349' title='bbox 3196 3293 3300 3381; x_wconf 83' lang='lat' dir='ltr'>ms</span> <span class='ocrx_word' id='word_1_350' title='bbox 3282 3294 3462 3375; x_wconf 77' lang='lat' dir='ltr'>flens</span> <span class='ocrx_word' id='word_1_351' title='bbox 3482 3293 3543 3360; x_wconf 73' lang='lat' dir='ltr'>d.</span> <span class='ocrx_word' id='word_1_352' title='bbox 3580 3297 3958 3379; x_wconf 72' lang='lat' dir='ltr'>triquetram</span> 
     </span>
     <span class='ocr_line' id='line_1_67' title="bbox 2442 3387 3396 3473; baseline 0.001 -26"><span class='ocrx_word' id='word_1_353' title='bbox 2442 3394 2620 3450; x_wconf 82' lang='lat' dir='ltr'>tenet.</span> <span class='ocrx_word' id='word_1_354' title='bbox 2722 3388 2869 3452; x_wconf 85' lang='lat' dir='ltr'>AR.</span> <span class='ocrx_word' id='word_1_355' title='bbox 2907 3389 3112 3473; x_wconf 84' lang='lat' dir='ltr'>(Mur.</span> <span class='ocrx_word' id='word_1_356' title='bbox 3153 3387 3396 3464; x_wconf 53' lang='lat' dir='ltr'>Caene,</span> 
     </span>
    </p>
   </div>
   <div class='ocr_carea' id='block_1_19' title="bbox 2440 3484 3958 3643">
    <p class='ocr_par' dir='ltr' id='par_1_26' title="bbox 2440 3484 3958 3643">
     <span class='ocr_line' id='line_1_68' title="bbox 2543 3484 3958 3568; baseline 0.001 -23"><span class='ocrx_word' id='word_1_357' title='bbox 2543 3484 2644 3545; x_wconf 89' lang='lat' dir='ltr'>De</span> <span class='ocrx_word' id='word_1_358' title='bbox 2698 3495 2891 3568; x_wconf 82' lang='lat' dir='ltr'>parte</span> <span class='ocrx_word' id='word_1_359' title='bbox 2983 3485 3227 3548; x_wconf 79' lang='lat' dir='ltr'>aversa</span> <span class='ocrx_word' id='word_1_360' title='bbox 3276 3484 3534 3567; x_wconf 78' lang='lat' dir='ltr'>egimus</span> <span class='ocrx_word' id='word_1_361' title='bbox 3595 3484 3663 3546; x_wconf 86' lang='lat' dir='ltr'>in</span> <span class='ocrx_word' id='word_1_362' title='bbox 3730 3486 3958 3547; x_wconf 79' lang='lat' dir='ltr'>nuruis</span> 
     </span>
     <span class='ocr_line' id='line_1_69' title="bbox 2440 3578 2711 3643; baseline 0.02 -5"><span class='ocrx_word' id='word_1_363' title='bbox 2440 3578 2711 3643; x_wconf 84' lang='lat' dir='ltr'>Allieni.</span> 
     </span>
    </p>
   </div>
   <div class='ocr_carea' id='block_1_20' title="bbox 2447 3725 3998 4526">
    <p class='ocr_par' dir='ltr' id='par_1_27' title="bbox 3011 3725 3393 3757">
     <span class='ocr_line' id='line_1_70' title="bbox 3011 3725 3393 3757; baseline 0 0"><span class='ocrx_word' id='word_1_364' title='bbox 3011 3725 3041 3757; x_wconf 57' lang='grc' dir='ltr'>Ι</span> <span class='ocrx_word' id='word_1_365' title='bbox 3089 3739 3110 3757; x_wconf 68' lang='grc' dir='ltr'><strong>ο</strong></span> <span class='ocrx_word' id='word_1_366' title='bbox 3363 3725 3393 3757; x_wconf 56' lang='lat'>8</span> 
     </span>
    </p>

    <p class='ocr_par' dir='ltr' id='par_1_28' title="bbox 2447 3770 3998 4526">
     <span class='ocr_line' id='line_1_71' title="bbox 2547 3770 3958 3856; baseline -0.002 -23"><span class='ocrx_word' id='word_1_367' title='bbox 2547 3771 2738 3833; x_wconf 88' lang='lat' dir='ltr'>Alios</span> <span class='ocrx_word' id='word_1_368' title='bbox 2775 3771 2970 3856; x_wconf 78' lang='lat' dir='ltr'>liujus</span> <span class='ocrx_word' id='word_1_369' title='bbox 3013 3770 3170 3832; x_wconf 87' lang='lat' dir='ltr'>anni</span> <span class='ocrx_word' id='word_1_370' title='bbox 3221 3777 3463 3852; x_wconf 55' lang='lat' dir='ltr'>certos*</span> <span class='ocrx_word' id='word_1_371' title='bbox 3503 3787 3744 3833; x_wconf 83' lang='lat' dir='ltr'>numos</span> <span class='ocrx_word' id='word_1_372' title='bbox 3813 3779 3958 3831; x_wconf 82' lang='lat' dir='ltr'>n&#39;on</span> 
     </span>
     <span class='ocr_line' id='line_1_72' title="bbox 2447 3866 3962 3948; baseline -0.003 -18"><span class='ocrx_word' id='word_1_373' title='bbox 2447 3867 2799 3933; x_wconf 82' lang='lat' dir='ltr'>habemus.</span> <span class='ocrx_word' id='word_1_374' title='bbox 2901 3867 3091 3948; x_wconf 87' lang='lat' dir='ltr'>Quos</span> <span class='ocrx_word' id='word_1_375' title='bbox 3137 3866 3804 3948; x_wconf 77' lang='lat' dir='ltr'>Mediobarbushuc</span> <span class='ocrx_word' id='word_1_376' title='bbox 3835 3884 3962 3927; x_wconf 80' lang='lat' dir='ltr'>vo-</span> 
     </span>
     <span class='ocr_line' id='line_1_73' title="bbox 2449 3961 3978 4040; baseline -0.003 -14"><span class='ocrx_word' id='word_1_377' title='bbox 2449 3975 2562 4026; x_wconf 83' lang='lat' dir='ltr'>cat</span> <span class='ocrx_word' id='word_1_378' title='bbox 2594 4010 2613 4038; x_wconf 91' lang='lat'>,</span> <span class='ocrx_word' id='word_1_379' title='bbox 2667 3963 2804 4024; x_wconf 80' lang='lat' dir='ltr'>aut&#39;</span> <span class='ocrx_word' id='word_1_380' title='bbox 2851 3961 3195 4025; x_wconf 86' lang='lat' dir='ltr'>Goltziani</span> <span class='ocrx_word' id='word_1_381' title='bbox 3238 3961 3418 4040; x_wconf 68' lang='lat' dir='ltr'>funt,</span> <span class='ocrx_word' id='word_1_382' title='bbox 3511 3974 3632 4024; x_wconf 77' lang='lat' dir='ltr'>aut</span> <span class='ocrx_word' id='word_1_383' title='bbox 3697 3971 3978 4030; x_wconf 83' lang='lat' dir='ltr'>certum·</span> 
     </span>
     <span class='ocr_line' id='line_1_74' title="bbox 2448 4057 3964 4143; baseline 0 -23"><span class='ocrx_word' id='word_1_384' title='bbox 2448 4077 2575 4143; x_wconf 87' lang='lat' dir='ltr'>pro</span> <span class='ocrx_word' id='word_1_385' title='bbox 2613 4057 2748 4120; x_wconf 90' lang='lat' dir='ltr'>hoc</span> <span class='ocrx_word' id='word_1_386' title='bbox 2784 4078 2964 4121; x_wconf 90' lang='lat' dir='ltr'>anno</span> <span class='ocrx_word' id='word_1_387' title='bbox 2992 4057 3331 4120; x_wconf 85' lang='lat' dir='ltr'>criterium</span> <span class='ocrx_word' id='word_1_388' title='bbox 3351 4077 3486 4120; x_wconf 88' lang='lat' dir='ltr'>non</span> <span class='ocrx_word' id='word_1_389' title='bbox 3506 4057 3964 4140; x_wconf 74' lang='lat' dir='ltr'>suppeditant.</span> 
     </span>
     <span class='ocr_line' id='line_1_75' title="bbox 2451 4149 3961 4237; baseline -0.001 -22"><span class='ocrx_word' id='word_1_390' title='bbox 2451 4154 2671 4236; x_wconf 88' lang='lat' dir='ltr'>Quem</span> <span class='ocrx_word' id='word_1_391' title='bbox 2745 4154 3026 4218; x_wconf 80' lang='lat' dir='ltr'>Oiselius</span> <span class='ocrx_word' id='word_1_392' title='bbox 3089 4153 3257 4215; x_wconf 84' lang='lat' dir='ltr'>citat</span> <span class='ocrx_word' id='word_1_393' title='bbox 3326 4153 3709 4237; x_wconf 77' lang='lat' dir='ltr'>inscriptum</span> <span class='ocrx_word' id='word_1_394' title='bbox 3771 4149 3961 4213; x_wconf 72' lang='lat' dir='ltr'>DIG.</span> 
     </span>
     <span class='ocr_line' id='line_1_76' title="bbox 2447 4245 3998 4337; baseline -0.005 -25"><span class='ocrx_word' id='word_1_395' title='bbox 2447 4246 2689 4314; x_wconf 86' lang='lat' dir='ltr'>ITER.</span> <span class='ocrx_word' id='word_1_396' title='bbox 2743 4251 2953 4337; x_wconf 86' lang='lat' dir='ltr'>(Tab.</span> <span class='ocrx_word' id='word_1_397' title='bbox 2995 4270 3084 4330; x_wconf 83' lang='lat'>95</span> <span class='ocrx_word' id='word_1_398' title='bbox 3126 4267 3191 4311; x_wconf 89' lang='lat' dir='ltr'>n.</span> <span class='ocrx_word' id='word_1_399' title='bbox 3252 4251 3348 4328; x_wconf 90' lang='lat'>7.)</span> <span class='ocrx_word' id='word_1_400' title='bbox 3399 4248 3533 4311; x_wconf 83' lang='lat' dir='ltr'>huo</span> <span class='ocrx_word' id='word_1_401' title='bbox 3595 4245 3998 4331; x_wconf 81' lang='lat' dir='ltr'>pertineret&#39;</span> 
     </span>
     <span class='ocr_line' id='line_1_77' title="bbox 2449 4341 3964 4460; baseline -0.004 -52"><span class='ocrx_word' id='word_1_402' title='bbox 2449 4349 2766 4460; x_wconf 80' lang='lat' dir='ltr'>quidem,</span> <span class='ocrx_word' id='word_1_403' title='bbox 2820 4348 2928 4410; x_wconf 84' lang='lat' dir='ltr'>sed</span> <span class='ocrx_word' id='word_1_404' title='bbox 2962 4364 3114 4408; x_wconf 89' lang='lat' dir='ltr'>eum</span> <span class='ocrx_word' id='word_1_405' title='bbox 3147 4363 3482 4440; x_wconf 82' lang='lat' dir='ltr'>nusquam</span> <span class='ocrx_word' id='word_1_406' title='bbox 3524 4344 3689 4407; x_wconf 85' lang='lat' dir='ltr'>alibi</span> <span class='ocrx_word' id='word_1_407' title='bbox 3724 4341 3964 4405; x_wconf 81' lang='lat' dir='ltr'>descri-</span> 
     </span>
     <span class='ocr_line' id='line_1_78' title="bbox 2449 4433 3970 4526; baseline -0.005 -21"><span class='ocrx_word' id='word_1_408' title='bbox 2449 4455 2640 4526; x_wconf 85' lang='lat' dir='ltr'>ptum</span> <span class='ocrx_word' id='word_1_409' title='bbox 2682 4445 2998 4519; x_wconf 83' lang='lat' dir='ltr'>invenio,</span> <span class='ocrx_word' id='word_1_410' title='bbox 3050 4453 3115 4504; x_wconf 89' lang='lat' dir='ltr'>et</span> <span class='ocrx_word' id='word_1_411' title='bbox 3151 4433 3329 4504; x_wconf 85' lang='lat' dir='ltr'>forte</span> <span class='ocrx_word' id='word_1_412' title='bbox 3384 4437 3466 4502; x_wconf 85' lang='lat' dir='ltr'>fic</span> <span class='ocrx_word' id='word_1_413' title='bbox 3507 4439 3732 4522; x_wconf 87' lang='lat' dir='ltr'>inique</span> <span class='ocrx_word' id='word_1_414' title='bbox 3786 4435 3970 4498; x_wconf 83' lang='lat' dir='ltr'>lecta</span> 
     </span>
    </p>
   </div>
   <div class='ocr_carea' id='block_1_21' title="bbox 2524 4649 2729 4719">
    <p class='ocr_par' dir='ltr' id='par_1_29' title="bbox 2524 4649 2729 4719">
     <span class='ocr_line' id='line_1_79' title="bbox 2524 4649 2729 4719; baseline -0.005 -17"><span class='ocrx_word' id='word_1_415' title='bbox 2524 4652 2573 4719; x_wconf 88' lang='lat' dir='ltr'>c)</span> <span class='ocrx_word' id='word_1_416' title='bbox 2608 4649 2645 4702; x_wconf 89' lang='lat' dir='ltr'>l.</span> <span class='ocrx_word' id='word_1_417' title='bbox 2683 4667 2729 4710; x_wconf 83' lang='grc' dir='ltr'>ο.</span> 
     </span>
    </p>
   </div>
   <div class='ocr_carea' id='block_1_22' title="bbox 4170 0 4173 4780">
    <p class='ocr_par' dir='ltr' id='par_1_30' title="bbox 4170 0 4173 4780">
     <span class='ocr_line' id='line_1_80' title="bbox 4170 0 4173 4780; baseline 0 0"><span class='ocrx_word' id='word_1_418' title='bbox 4170 0 4173 4780; x_wconf 95' lang='lat' dir='ltr'> </span> 
     </span>
    </p>
   </div>
   <div class='ocr_carea' id='block_1_23' title="bbox 4171 4921 4172 5434">
    <p class='ocr_par' dir='ltr' id='par_1_31' title="bbox 4171 4921 4172 5434">
     <span class='ocr_line' id='line_1_81' title="bbox 4171 4921 4172 5434; baseline 0 0"><span class='ocrx_word' id='word_1_419' title='bbox 4171 4921 4172 5434; x_wconf 95' lang='lat' dir='ltr'> </span> 
     </span>
    </p>
   </div>
  </div>
 </body>
</html>
