4225 5450
1788 489 2926 687 rRAEFATIQx

736 780 743 789 “
800 785 950 858 que
983 774 1352 858 tempora
1372 755 1812 831 munivere.
1914 753 2090 830 Iam
2122 779 2328 856 nunc
2364 755 2864 832 severiorem.
2898 756 2978 828 in
3035 738 3580 852 adprobandia
3649 758 3912 833 numis·

792 897 1155 1000 videmus
1189 894 1621 966 exercitam
1664 889 2118 978 censuram,
2173 893 2526 981 excludi,
2580 903 2713 966 aut
2783 889 3061 989 palam
3117 889 3536 986 reprobari
3615 868 3901 968 numos

792 1029 1027 1103 falsos
1051 1084 1073 1119 ‚
1127 1041 1258 1100 aut
1308 1028 1357 1099 fi
1387 1027 1714 1126 suspecti
1753 1025 2229 1101 videbantur
2255 1060 2284 1118 ‚·
2331 1048 2606 1101 eorum
2638 1014 2912 1098 saltem
2950 1023 3285 1099 indicari
3309 1047 3779 1123 praeconeS‚
3821 1041 3903 1100 ut

790 1187 903 1236 ex
943 1162 1227 1237 horum
1257 1163 1411 1235 fide
1448 1159 1814 1235 arbitrari
1846 1150 2239 1236 lector-de
2270 1163 2526 1246 numia
2565 1159 2742 1259 ipsis
2796 1157 3062 1258 posset,
3113 1162 3274 1253 jam
3308 1162 3727 1235 certiorem
3761 1186 3902 1236 no-

792 1288 914 1377 bis
946 1351 966 1385 ,
1018 1296 1432 1392 minusque
1473 1310 1926 1394 corruptum
1963 1296 2232 1395 offerri
2265 1319 2689 1371 numerum
2730 1294 3027 1370 statum.
3125 1297 3254 1370 Ex
3305 1286 3442 1383 iis,
3496 1297 3629 1392 qui
3686 1296 3899 1372 hanc

793 1429 927 1504 fibi
980 1430 1298 1505 laudem
1336 1433 1502 1527 jure
1556 1429 2000 1522 vindicant,
2053 1433 2738 1507 commemorandi
2784 1428 2950 1504 sunt
2993 1429 3333 1506 Ioannes
3369 1429 3916 1522 Vaillantiu3,‚
3979 1460 3988 1465 “

680 1646 703 1669 ο
794 1590 950 1664 quo
998 1579 1233 1639 nemo
1275 1566 1658 1640 hactenus
1697 1564 1951 1639 sanius
1978 1622 1998 1656 ,
2050 1556 2704 1666 purgatiusve·de
2749 1590 3169 1641 numerum
3206 1580 3563 1641 veterum
3605 1566 3758 1645 fide
3791 1570 3901 1661 ju-

790 1701 1125 1792 dicavit,
1177 1699 1334 1776 hoc
1381 1724 1536 1775 uno
1585 1701 1853 1776 hercle
1888 1698 2372 1798 culpandus,
2423 1698 2639 1798 quod
2677 1701 2763 1773 in
2801 1700 3319 1776 describenda
3374 1680 3895 1803 Augustorum

679 1807 683 1811 .
791 1812 1280 1924 monetatde
1316 1839 1469 1912 hac
1511 1863 1666 1911 una
1697 1837 1893 1910 mihi
1927 1846 2232 1909 tantum
2271 1822 2556 1925 sermo)
2604 1839 2953 1933 partium
2983 1837 3492 1914 adversarum
3533 1809 3890 1908 indicare

672 1950 675 1959 ¹
787 1969 1063 2047 statum
1096 1974 1482 2073 neglexit,
1532 1950 1914 2071 tanquam
1962 1993 2144 2043 eum
2184 1967 2482 2044 novill'e
2522 1993 2806 2068 parum
2847 1971 3183 2064 interfit,
3233 1956 3445 2070 quod
3515 1952 3895 2045 funestum

788 2110 942 2183 arti
976 2105 1280 2182 nostrae
1320 2108 1791 2182 institutum
1770 2131 1850 2179 1n
1895 2127 2316 2181 numorum
2351 2118 2709 2178 veterum
2744 2107 3283 2204 praeconibus
3340 2102 3654 2205 pridem
3707 2125 3887 2201 per-

786 2240 1089 2316 strinxit
1112 2243 1427 2345 Pagius.
1468 2241 1649 2325 ..Ex
1692 2240 1958 2348 qulbus
2001 2230 2391 2343 intelligis,
2441 2243 2729 2350 inquit,
2783 2248 2844 2332 ⁸)
2907 2255 3278 2344 quantum
3348 2208 3892 2342 reprdeenfione

660 2362 665 2367 ¹
786 2375 1000 2480 digni
1010 2373 1197 2475 func
1232 2379 1701 2482 antiquarii,
1750 2379 1881 2477 qui
1913 2381 2384 2449 numismata
2415 2373 2831 2465 mutilata,
2884 2398 2979 2449 ac
3015 2375 3470 2449 detruncata
3510 2372 3723 2448 nobis
3740 2369 3891 2446 ob·

782 2513 1118 2606 trudunt,
1167 2512 1393 2617 quasi
1429 2514 1694 2587 amica
1732 2533 1983 2583 eorum
2005 2532 2220 2608 pars,
2257 2524 2474 2611 quae
2507 2506 2624 2581 ad
2639 2507 3221 2584 nundinandum
3255 2536 3408 2586 non
3442 2507 3885 2614 ηεες[[ανία,

660 2644 665 2649 ’
782 2646 1191 2720 eruditioni
1220 2649 1457 2719 eciam
1489 2641 1777 2719 inutilis
1812 2637 2044 2745 estet,
2093 2656 2168 2716 ec
2219 2643 3009 2747 numismacograplzia
3056 2640 3360 2750 nonnfi
3414 2645 3530 2720 ad
3574 2644 3888 2729 venden-

658 2773 664 2781 ’
788 2777 967 2853 dum
1002 2778 1358 2880 instituta
1392 2778 1590 2889 esset.
1688 2779 2109 2855 Accedunt
2159 2778 2502 2854 Ioannes
2533 2776 2990 2864 Harduinus
3023 2785 3149 2859 vir
3195 2775 3463 2883 gravis
3501 2796 3580 2861 et
3613 2805 3890 2874 verax,

723 2968 734 2978 .
791 2937 970 2990 cum
1001 2916 1276 3014 sapere
1315 2917 1595 3010 libum·
1629 2911 1976 2989 Carolus‘
2005 2917 2328 2994 Patinus
2358 2915 2440 2985 in
2491 2914 2787 3005 numia,
2842 2939 3040 3014 quos
3061 2917 3225 3014 ipse
3249 2917 3487 3008 vidit,
3536 2917 3893 2992 Lauren-

786 3053 940 3125 tius
981 3050 1333 3151 Begerus
1367 3055 1447 3124 in
1485 3049 1895 3159 Thesauro
1930 3050 2633 3152 Brandenburgico
2659 3107 2682 3141 ‚
2734 3050 3023 3126 Paulus
3066 3050 3467 3125 Pedrusius
3497 3055 3582 3129 in
3605 3050 3885 3125 Museo

788 3185 853 3260 F
858 3185 1194 3274 amelio,
1247 3186 1662 3259 Anfelmus
1701 3185 2148 3258 Bandurius
2178 3240 2198 3274 ,
2252 3161 2507 3282 etqui
2551 3187 2714 3282 ejus
2754 3173 3209 3287 catalogum
3272 3192 3527 3280 auxit,
3606 3187 3891 3264 Hiero-

785 3339 1077 3418 nymus
1118 3316 2080 3410 Taninius,‘Ch1-ist1anus
2111 3319 2368 3392 Liebe
2414 3321 2494 3392 in
2534 3315 2802 3394 Gotha
2840 3325 3244 3414 numatia,
3318 3337 3594 3399 auctor
3631 3322 3891 3398 Musei

785 3457 866 3530 T
869 3445 1239 3553 heupoh
1288 3453 1677 3552 Thomas
1699 3477 1970 3528 comes
2006 3453 2460 3530 Pembrock
2509 3458 2590 3529 in
2626 3456 2857 3530 editis
2895 3455 3436 3558 insignioribus
3486 3460 3726 3533 musei
3778 3461 3889 3534 sui

785 3593 1084 3686 numiS,
1137 3589 1595 3664 Franciscus
1649 3589 1867 3664 Wise
1906 3593 1990 3663 in
2027 3585 2306 3662 Museo
2356 3589 2846 3683 Bodleian0‚
2916 3605 3194 3668 auctor
3247 3596 3489 3669 musei
3557 3583 3886 3697 reginae
3955 3637 3962 3642 -

718 3695 1221 3821 ‘'Chriffinae
1264 3723 1367 3798 ab
1425 3724 1993 3822 Havercampo
2031 3722 2409 3803 illustrati.
2514 3723 2789 3800 Nolim
2831 3726 3297 3822 adfirmare,
3345 3734 3425 3804 in
3471 3731 3632 3822 his,
3687 3755 3886 3829 quos

698 3841 709 3848 ”
752 3860 1033 3942 ,modo
1076 3861 1449 3950 recitavi,
1499 3859 1884 3961 catalogis
1924 3882 2078 3933 non
2137 3863 2380 3933 etiam
2414 3861 2748 3958 reperiri
2779 3881 3060 3934 numos
3095 3862 3434 3962 spurios,
3501 3887 3757 3965 neque
3803 3891 3888 3944 e·-

791 4020 1016 4070 orum
1067 4009 1430 4068 auctores
1467 3994 1765 4092 aliquid
1812 3993 2136 4069 humani
2168 3993 2465 4092 paffOS,
2519 4014 2699 4066 cum
2732 3994 2896 4091 ipse
2932 4019 3090 4068 non
3125 3998 3716 4098 semetcoactus
3769 3999 3887 4074 fu-

787 4133 1021 4222 erim,
1071 4113 1629 4206 nonnullorum
1661 4127 1903 4204 fidem
1941 4132 2021 4203 in
2057 4127 2382 4220 dubium
2426 4150 2744 4204 vocare.
2843 4129 3043 4204 Istud
3081 4145 3350 4206 tamen
3404 4147 3702 4210 certum
3727 4192 3751 4228 ‚
3798 4140 3885 4211 in

784 4267 1247 4346 stabilienda
1283 4265 1497 4339 numi
1539 4264 1999 4363 antiquitate
2035 4265 2288 4337 rarius
2327 4262 2540 4338 fuiss'e
2575 4243 2877 4363 lapsos,
2931 4265 3060 4339 etti
3097 4265 3589 4366 frequentius
3627 4275 3707 4344 in
3761 4286 3884 4346 re·

708 4455 717 4466 f
788 4403 1104 4475 citanda
1138 4421 1565 4480 ,numerum
1605 4398 2042 4498 epigraphe
2072 4452 2092 4483 ,
2145 4411 2280 4471 aut
2325 4400 2855 4512 describendis
2903 4405 3165 4501 typis,
3215 4411 3652 4505 praecipue
3702 4421 3886 4485 cum

800 4683 811 4691 .
859 4613 916 4679 a)
955 4613 1083 4665 Crit.
1120 4612 1325 4671 Baton.
1361 4610 1437 4666 ad
1474 4629 1609 4674 ann.
1646 4612 1774 4666 Chr.
1814 4616 1911 4681 269
1944 4611 1978 4681 5
2014 4617 2064 4665 6.
2647 4587 2670 4612 ”’
