4225 5450
903 498 1049 568 52⁰

906 665 1109 748 mane
1140 673 1487 763 ingenium
1531 670 1940 761 pertulisset,
1990 682 2059 735 et
2116 669 2428 737 elabora.

906 776 1073 844 vitre
1105 824 1124 855 ,
1178 794 1262 838 ne
1304 793 1390 838 ex
1438 791 1521 836 eo
1559 772 1650 837 ad
1682 771 1960 835 humani
1995 769 2258 855 generis
2280 790 2428 856 per-

905 875 1152 942 niciem
1179 865 1718 958 gravidafieret.
1742 864 1807 951 ⁸)
1856 865 2233 952 Desperato
2271 869 2429 932 utri.

909 990 1125 1057 usque
1162 965 1479 1034 consensu
1516 968 1602 1030 ad
1642 978 2015 1032 extremum
2052 984 2270 1051 prope
2299 965 2429 1030 ser-

908 1066 1163 1135 vilibus
1200 1085 1245 1130 a
1278 1065 1527 1129 marito
1567 1063 1827 1148 injuriis
1877 1060 2195 1140 adfecta,
2246 1063 2432 1127 deni·

912 1185 1044 1251 que
1092 1166 1184 1230 ad
1222 1173 1510 1227 mortem
1575 1160 2038 1226 voluntariam
2085 1160 2436 1273 compulsa

903 1260 1051 1343 est,
1100 1250 1161 1342 ¹²)
1213 1281 1351 1325 non
1412 1259 1541 1324 sine
1597 1257 1840 1323 fabula
1915 1257 2262 1347 propinati
2311 1277 2434 1346 per

914 1360 1259 1427 occultum
1286 1359 1556 1436 veneni.
1656 1358 1766 1421 Ex
1800 1355 2031 1422 verbis
2087 1355 2436 1443 Spartiani

909 1456 1081 1524 istud
1121 1454 1477 1521 referentis
1519 1455 1896 1541 colligitur,
1963 1450 2226 1518 factum
2264 1451 2437 1518 iflud

912 1555 1187 1620 circiter
1245 1552 1519 1616 biennio
1590 1564 1745 1615 ante
1799 1551 2025 1614 mariti
2096 1564 2438 1626 mortem3

832 1697 849 1708 .
914 1651 1035 1715 alii
1073 1649 1288 1713 multo
1330 1650 1584 1712 arctius
1608 1660 1876 1733 tempus
1917 1644 2343 1713 constituunt.
2376 1643 2436 1730 ⁰)

911 1746 1001 1812 Et
1032 1764 1199 1810 vero
1239 1765 1325 1809 ex
1379 1764 1588 1808 numo
1646 1743 2160 1823 Amisenorum,
2234 1765 2437 1831 quem

910 1840 1097 1906 infra
1131 1843 1550 1928 producam,
1603 1853 1672 1906 et
1700 1842 1920 1906 altero
1967 1841 2436 1907 Alexandrino

911 1959 1069 2006 cum
1104 1959 1286 2003 anno
1326 1940 1513 2017 KA„
1563 1938 1815 2024 liquet,
1870 1958 2022 2002 eam
2056 1939 2124 2002 iu
2169 1951 2437 2004 autum·

910 2056 1003 2102 no
1049 2037 1134 2104 V.
1199 2034 1280 2101 C.
1357 2047 1540 2118 889,
1611 2037 1927 2099 nimirum
1995 2036 2214 2101 altero
2277 2047 2438 2101 ante

912 2134 1256 2201 Hadriani
1320 2133 1655 2197 excelsum
1715 2151 1896 2197 anno
1966 2131 2202 2197 adhuc
2243 2130 2438 2197 fuisse

907 2227 1342 2315 superstitem.
2131 2255 2148 2260 -
2181 2253 2194 2262 ·

1007 2327 1335 2416 Augustae
1369 2326 1571 2390 titulo
1599 2323 1790 2389 fuisse
1830 2324 2271 2407 honoratam,
2321 2347 2470 2392 nu-·

910 2424 1283 2510 nii-palam
1345 2421 1685 2490 testantur.
1824 2424 2288 2509 Hieronymus
2371 2427 2441 2489 in

912 2517 1282 2602 Chronico,
1311 2534 1380 2585 et
1414 2519 1802 2588 chronicon
1841 2520 2159 2605 paschale
2192 2522 2439 2585 eodem

912 2637 1093 2683 anno
1123 2617 1552 2682 Hadrianum
1597 2619 1850 2681 dictum
1882 2627 2134 2702 patrem
2159 2621 2440 2703 patriae,

916 2728 985 2779 et
1027 2713 1358 2779 Sabinam
1389 2714 1746 2799 Augustam
1793 2710 2106 2792 statuunt,
2161 2734 2445 2778 annum-

919 2829 1051 2895 que
1087 2808 1437 2897 adfignant
1499 2812 1585 2875 V.
1641 2807 1716 2870 C.
1778 2820 1948 2890 879.
2066 2811 2446 2894 Vtrumque

915 2906 1124 2973 etiam
1158 2905 1513 2991 conjungit
1552 2902 1828 2969 Orosius
1856 2952 1879 2982 ,
1928 2903 2043 2967 sed
2070 2902 2338 2970 factum
2367 2907 2444 2971 il-

916 3004 1034 3069 lud
1119 3003 1468 3068 contendit
1538 3020 1703 3064 mox
1774 3002 2049 3087 imperii
2112 3004 2330 3068 initio.
2383 2994 2449 3088 d*)

917 3103 1172 3167 Verum
1208 3100 1417 3186 supra
1465 3100 1534 3162 in
1584 3098 1942 3162 Hadriano
1998 3099 2245 3179 docui,
2299 3101 2447 3186 (sub

915 3197 1116 3264 titulo
1149 3196 1365 3283 patris
1403 3194 1707 3281 patriae)
1760 3195 2299 3280 probabiliorem
2322 3198 2450 3262 ess'e

918 3294 1192 3359 Eusebii
1226 3293 1619 3357 sententiam
1656 3335 1681 3368 ,
1726 3292 1999 3355 titulum
2053 3297 2271 3379 patris
2322 3316 2450 3382 pa-

920 3393 1096 3456 triae
1131 3392 1200 3454 in
1264 3409 1517 3452 annum
1564 3390 1648 3452 V.
1704 3384 1779 3455 C.
1839 3400 1970 3462 881
2047 3389 2446 3458 differentis,

921 3486 1137 3575 Igitur
1174 3487 1247 3550 in
1283 3483 1538 3550 Sabina
1566 3500 1841 3568 quoque
1865 3482 2278 3552 differendus
2311 3489 2454 3556 Aa..

918 3585 1137 3674 gustae
1171 3581 1406 3647 titulus
1432 3629 1452 3660 ,
1500 3582 1544 3647 si
1578 3582 1786 3646 modo
1812 3601 2044 3644 verum
2083 3582 2210 3663 est,
2263 3588 2451 3672 quod

925 3681 1084 3745 sane
1111 3678 1471 3746 verisimile
1512 3678 1646 3759 est,
1729 3679 1974 3744 eodem
2026 3700 2209 3746 anno
2278 3687 2447 3749 utri-

911 3798 1065 3867 que
1121 3798 1376 3845 novum
1433 3777 1614 3841 hunc
1678 3778 2008 3843 honorem
2081 3782 2450 3847 accessisse

923 3875 1195 3940 Etenim
1229 3866 1484 3939 constat
1525 3896 1611 3939 ex
1652 3876 1916 3954 Plinio,
1968 3874 2029 3957 “)
2079 3877 2449 3963 Plotinam,

929 3985 999 4038 et
1057 3973 1493 4037 Marcianam
1544 3974 1807 4041 tamdiu
1862 3975 2268 4060 deprecatae
2315 3983 2448 4041 An-

924 4069 1150 4159 guflae
1186 4069 1759 4180 appellationem,
1813 4072 2148 4155 quamdiu
2212 4075 2450 4155 Traja-

924 4188 1052 4233 nus
1112 4169 1341 4258 patris
1386 4170 1652 4254 patriae
1716 4188 1967 4232 nomen
2056 4170 2449 4251 recusasset,

930 4284 1220 4351 quarum
1277 4265 1595 4352 exemplo
1650 4279 1917 4331 recente
1973 4264 2158 4330 forte
2210 4281 2278 4333 et
2336 4268 2454 4335 usa

2217 465 2727 546 SABINA.

3867 567 3904 596 p

2501 657 2767 738 Sabina
2799 671 2979 735 hunc
3003 667 3333 734 honorem
3366 688 3500 736 non
3530 671 3811 737 maturina
3839 691 3925 761 tp-

2511 771 2853 859 petiverit.
2952 767 3132 831 Huic
3159 764 3590 854 disputationi
3615 769 3797 835 lucem
3811 791 3926 855 quo-

2512 887 2644 953 que
2702 865 3039 933 adfundet
3089 883 3334 928 numus
3378 865 3731 946 Tarsensis,
3785 887 3928 952 quem

2509 962 2694 1032 infra
2721 963 3066 1040 dabimu8‚
3117 974 3185 1026 et
3215 962 3640 1029 consulendus
3670 967 3833 1029 etiam
3845 986 3926 1029 nu-

2515 1084 2668 1129 mus
2705 1062 2761 1129 1.
2807 1062 3176 1126 commatis
3216 1061 3539 1127 Romani.
3624 1062 3794 1126 Numi
3846 1062 3926 1126 Sa-

2515 1159 2720 1226 binae
2767 1158 3212 1226 Alexandrini
3280 1171 3507 1224 certae
3555 1159 3695 1225 fidei
3741 1179 3927 1224 annum

2516 1263 2813 1347 primum
2850 1259 3017 1322 dant
3058 1260 3139 1323 11·
3163 1305 3183 1338 ,
3234 1257 3373 1322 hoc
3405 1259 3683 1345 priorem
3705 1258 3925 1322 nondum

2517 1358 2842 1437 vidimus,
2892 1368 2966 1421 ut
2997 1356 3067 1420 in
3103 1355 3353 1421 horum
3391 1368 3669 1423 tractatu
3696 1354 3924 1420 diximus.

2519 1454 2824 1543 Coepit
2805 1475 2863 1519 ts
2915 1466 3203 1518 exeunte
3252 1452 3540 1540 Augusto
3581 1457 3657 1520 V.
3689 1451 3749 1518 C.
3796 1462 3923 1526 εει,

2519 1574 2657 1640 quo
2707 1554 3057 1642 praeclare
3091 1551 3530 1617 confirmatur
3567 1551 3788 1616 initium
3830 1553 3928 1612 Au-

2520 1651 2725 1739 gustei
2766 1651 2964 1735 hujus
3011 1651 3079 1713 in
3133 1637 3397 1714 Sabina
3447 1650 3612 1714 tituli
3671 1648 3826 1733 supra
3866 1642 3929 1708 ad

2520 1750 2811 1813 eundem
2851 1768 3100 1812 annum
3146 1745 3387 1812 fixum.
3508 1746 3711 1830 Quare
3759 1738 3931 1805 frustra
4043 1773 4044 1782 κ

2519 1847 2822 1933 Scaliger
2872 1843 3228 1910 Eusebium
3273 1845 3343 1906 in
3407 1842 3647 1908 Sabina
3689 1833 3933 1927 Augustae

2519 1945 2817 2030 elogium
2862 1940 3291 2007 differentem
3326 1939 3628 2019 vellicat,
3667 1937 3935 2007 adserens,
4043 2007 4044 2014 χ

2515 2043 2688 2107 illud
2717 2051 3110 2126 competere
3154 2036 3507 2116 uxoribus,
3554 2035 3720 2100 simul
3749 2053 3816 2097 ac
3836 2048 3933 2095 ma·

2517 2142 2634 2205 riti
2670 2158 2714 2202 a
2743 2125 2973 2202 senatu
3013 2132 3288 2222 Augusti
3331 2135 3490 2199 dicti
3531 2134 3678 2197 sunt.

2617 2237 2694 2299 In
2730 2236 3046 2298 divarum
3087 2252 3443 2297 numerum
3475 2231 3650 2296 :suiss‘e
3683 2226 3939 2298 relatam,

2519 2335 2705 2399 numi
2744 2330 2926 2398 divae
2972 2328 3259 2397 Sabinae
3303 2330 3646 2394 docebunt.

2623 2430 3145 2495 Matrimonium
3182 2425 3384 2494 fuiss’e
3423 2425 3650 2503 sterile,
3698 2417 3938 2487 continuo

2522 2528 2844 2595 diximus,

2621 2624 2694 2690 Si
2723 2623 2889 2710 qui-d
2921 2622 3109 2688 valet
3140 2621 3538 2710 scriptorum
3581 2616 3752 2684 nostri
3798 2612 3939 2688 aevi,

2528 2732 2596 2783 et
2643 2722 3185 2806 antiquariorum
3231 2718 3603 2801 consensus,
3648 2716 3810 2781 binas
3847 2716 3939 2776 Au·

2525 2814 2745 2902 gustas
2779 2863 2806 2893 ,
2892 2816 3134 2902 quibua
3163 2816 3405 2886 'Iuliae
3478 2816 3721 2885 Sabim
3761 2824 3936 2876 nomen

2525 2910 2697 2992 fuit,
2750 2914 3113 2998 agnoscere
3155 2934 3524 3003 cogemur,
3565 2931 3776 2987 unam,
3817 2920 3938 2991 quae

2526 3007 2660 3073 fuit
2709 3011 2856 3075 Titi
2910 3016 3077 3096 Aug.
3125 3011 3318 3092 filia,
3390 3013 3685 3094 alteram,
3736 3009 3788 3068 in
3845 3017 3936 3084 qua

2527 3126 2704 3171 nune
2738 3107 3106 3184 versamur,
3157 3109 3500 3174 Hadriani
3533 3122 3787 3172 uxorem.
3842 3096 3932 3159 De·

2529 3201 3051 3268 monstravimus
3089 3205 3159 3268 in
3197 3207 3423 3270 numis
3457 3205 3653 3269 Iuliae
3687 3200 3816 3272 Titi,
3826 3188 3932 3256 huic

2529 3296 2862 3385 Augustae
2898 3319 3243 3384 nunquam
3265 3301 3454 3366 fuisse
3473 3301 3718 3368 Sabinae
3738 3302 3933 3359 nomen

2527 3396 2832 3480 illudque
2871 3399 3019 3463 unis
3066 3391 3325 3463 Goltzii
3368 3398 3712 3463 mendaciis
3729 3382 3934 3460 deberi,

2532 3513 2714 3578 quae
2758 3494 3000 3557 deinde
3043 3497 3463 3560 eruditorum
3515 3494 3766 3560 omnium
3804 3495 3936 3545 com·

2531 3593 2908 3655 mentatioa
2939 3588 3259 3659 infecere.
3361 3594 3547 3658 idem
3580 3606 3726 3657 nune
3752 3585 3816 3648 de
3839 3576 3936 3639 Hss·

2532 3688 2755 3752 driani
2795 3707 3010 3752 uxore
3070 3690 3451 3772 judicium,
3516 3693 3677 3773 cujus
3729 3680 3937 3744 alterum

2533 3805 2786 3850 nomen
2826 3787 3028 3852 Iuliae
3066 3786 3208 3850 sola
3257 3789 3501 3853 iterum
3547 3780 3755 3851 Goltzii
3783 3766 3937 3837 offici-

2531 3903 2622 3948 na
2663 3882 2963 3948 doliaria
3017 3883 3236 3949 finxit.
3339 3885 3537 3949 Certe
3577 3878 3720 3946 illud
3769 3878 3940 3935 monu-

2533 3992 2768 4044 menta
2798 3993 3098 4045 veterum
3132 3984 3414 4062 omnia,
3407 3976 3501 4046 fl
3539 3979 3719 4044 modo
3744 3970 3840 4034 fide
3869 3959 3938 4022 ‘¹¹

2534 4096 2670 4163 gna
2706 4076 2893 4155 su·,nt
2945 4078 3350 4144 inficiantur.
3439 4073 3747 4163 vulgavit
3788 4064 3938 4126 P000·

2535 4173 2727 4238 ekiua
2772 4175 3234 4260 epigramma,
3290 4178 3482 4261 qnod
3531 4177 3597 4239 in
3651 4152 3970 4234 Memnonis-

2511 4290 2731 4335 crure
2760 4272 3002 4358 legitur
3057 4272 3260 4359 hujus
3307 4272 3689 4339 sententiae:
3735 4252 3771 4341 εὶ

924 4417 3936 4468 -—----—---.---—--.-..-.--.--..-.-..-.-----·

1002 4503 1386 4565 aovi-aonia
1413 4506 1563 4583 Epit.

1836 4506 1895 4572 b)
1932 4509 2122 4562 Viator
2155 4507 2193 4563 l.
2233 4525 2292 4562 c..

932 4572 989 4643 e)
1024 4570 1232 4648 Paneg.
1270 4591 1332 4635 e
1360 4588 1448 4644 84.

1642 4574 1686 4645 s)
1728 4577 1985 4655 Inscript,
2015 4588 2143 4643 ant„
2166 4595 2226 4655 g.
2263 4590 2363 4651 aa*

2219 4770 2240 4807 R

2557 4512 2612 4579 ο),
2643 4508 2971 4570 Tillemont.
3006 4533 3065 4589 2.
3103 4529 3250 4587 45oe.
3504 4509 3565 4579 ὀὶ
3592 4509 3662 4574 Β,
3688 4500 3798 4559 vll.
3824 4498 3940 4555 &¹3⁶
