4225 5450
775 555 910 621 wo

778 748 917 798 tem
954 732 1024 795 in
1049 730 1205 795 suos
1243 736 1626 819 captandae
1661 733 1859 798 causa
1885 732 2290 799 benevolen-
2367 786 2373 797 .

779 830 919 893 tiae
958 826 1355 892 adfectabat
1390 876 1409 905 ,
1462 831 1717 891 summo
1767 829 1920 892 loco
1975 830 2287 907 habitas„

782 924 867 987 [ic
896 938 969 988 ut
1005 923 1318 986 omnibus
1360 926 1794 988 sacramentis
1832 925 2138 987 sororum
2173 945 2289 987 no·

784 1021 970 1082 m'ina
1006 1017 1127 1083 suo,
1179 1019 1384 1101 adjici
1427 1019 1730 1101 juberet,
1783 1015 1848 1100 ²)
1910 1022 2006 1083 eis
2057 1039 2293 1082 omnes

782 1112 1149 1178 Vestalium
1178 1114 1470 1178 honores
1500 1112 1846 1191 tribueret,
1896 1116 2203 1198 a‘deoque
2225 1116 2293 1176 in

784 1210 870 1272 iis
909 1207 1201 1285 fureret,
1253 1222 1326 1271 ut
1355 1207 1733 1293 singillatim
1791 1228 2025 1272 omnes
2079 1208 2296 1271 frater

784 1303 1263 1390 constupraret.
1362 1303 1566 1370 Versa
1585 1303 1842 1366 insania
1859 1323 2090 1369 omnes
2110 1304 2290 1366 dem-

784 1416 908 1488 pta
941 1401 1271 1477 Drufilla,
1370 1419 1498 1463 uae
1538 1400 1720 1481 prius
1762 1398 1971 1475 obiit,
2023 1402 2091 1463 in
2128 1399 2290 1463 insu·

784 1497 890 1563 las
944 1496 1292 1582 relegavit.
1377 1495 1406 1578 )
1460 1495 1630 1557 Cum
1679 1514 1838 1578 ergo
1878 1494 2135 1580 integer
2176 1497 2292 1558 ad·

785 1594 917 1655 huc
957 1589 1286 1654 constaret
1326 1610 1520 1654 amor
1544 1633 1563 1664 ,
1618 1589 1848 1672 [ignati
1885 1592 2070 1651 numi
2101 1609 2293 1672 prae-

787 1686 1039 1762 sentes‘,
1090 1686 1333 1770 quibus
1364 1698 1498 1749 tres
1561 1685 1823 1747 sorores
1881 1683 2295 1760 Securitatis,

788 1783 1102 1861 Pietatis,
1154 1794 1222 1844 et
1275 1784 1597 1873 Furtum
1644 1780 1937 1864 imagine
1998 1783 2338 1859 conium·

791 1888 1056 1963 guntur.
1176 1891 1197 1945 ·,

887 1971 951 2037 N
959 1991 1048 2035 on
1076 1971 1393 2059 absimilis
1428 1989 1669 2037 aureus
1709 1973 1956 2037 citatur
1994 1969 2198 2032 etiam
2257 1989 2300 2031 a

793 2067 1007 2132 variis
1051 2068 1488 2154 antiquariis,
1556 2068 1668 2155 sed
1729 2067 1811 2130 iis
1878 2066 2096 2129 minus
2129 2140 2134 2151 ἱ
2167 2063 2299 2127 fide

797 2163 1038 2249 dignis.
1162 2156 1172 2165 ’

1539 2261 1568 2292 Β

1081 2310 2303 2425 C.cAEsAR.Avci.P0NT2MAx,

1083 2458 1232 2521 TR.
1273 2454 1482 2516 POT.
1545 2452 1767 2535 Capita
1822 2451 2067 2533 jugata
2135 2447 2305 2513 Cali-

1080 2553 1270 2639 gulae
1318 2546 1550 2613 nudum
1569 2592 1589 2622 ,
1639 2555 1698 2608 et
1734 2543 2059 2629 Drustffae.

791 2648 1225 2715 AGRIPPIN
1232 2645 1319 2711 A.
1353 2642 1630 2707 IVLIA.
1672 2640 1893 2727 Capita
1922 2636 2178 2721 adversa
2207 2638 2307 2704 A·

789 2749 1128 2831 grippinae
1154 2790 1174 2819 ,
1226 2752 1286 2806 et
1318 2739 1519 2804 Iuliae
1542 2738 1859 2823 sororum.
1958 2737 2107 2800 AV.

895 2837 1280 2922 singulares
1320 2833 1447 2895 hos
1504 2851 1744 2894 numos
1790 2842 2071 2916 propter
2135 2829 2301 2893 inso-

794 2933 1071 2999 lentiam
1111 2927 1436 2994 confictos
1486 2927 1869 3001 crederem,
1920 2923 2035 2986 nisi
2068 2943 2302 2988 eorum

796 3026 1123 3116 probitati
1158 3023 1495 3110 'praeclari
1517 3022 1747 3085 Illviri
1769 3016 2065 3087 ἀυτοπται
2098 3018 2305 3083 fidem

796 3115 1137 3199 facerent,
1190 3118 1544 3194 BaldinuS,
1588 3117 1724 3200 qui
1770 3136 1923 3180 eum
1956 3135 2043 3176 ex
2076 3114 2303 3177 museo

794 3218 1195 3285 Strozziano
1227 3215 1431 3290 citat,
1482 3209 1541 3294 ⁰)
1605 3212 1895 3276 Liebeus
1936 3230 2020 3272 ex
2058 3208 2304 3272 museo

797 3313 1326 3399 Saxogothano‚
1379 3300 1434 3387 ἃ)
1470 3320 1554 3371 ·et
1578 3307 1957 3381 Mor-ellim,
2011 3306 2305 3389 quicum

798 3409 983 3476 haud
1037 3408 1243 3473 dubie
1311 3425 1397 3470 ex
1461 3401 1701 3468 eodem
1767 3403 1990 3464 museo
2069 3399 2307 3465 hausit.

798 3506 1177 3590 sejungitur
1208 3500 1499 3566 Drusilla
1531 3519 1577 3561 a
1612 3496 1887 3581 reliquis
1926 3496 2263 3559 sororibus
2285 3545 2305 3576 ,

801 3616 869 3666 et
901 3620 1055 3665 cum
1084 3597 1394 3684 Caligula
1432 3598 1700 3679 jugatur
1724 3641 1743 3670 ‚
1794 3589 2305 3655 testante'histo-

798 3700 949 3775 ria,
1000 3694 1359 3758 Drufillam
1424 3708 1665 3751 revera
1724 3707 1768 3750 a
1828 3686 2038 3749 fratre
2097 3685 2307 3768 justae

800 3793 1032 3857 uxoris
1075 3791 1231 3860 loco
1276 3785 1621 3862 habitam,
1680 3785 1763 3847 de
1813 3802 1946 3867 quo
1988 3782 2304 3867 plurain-

754 3943 759 3952 .
796 3890 905 3954 fra
941 3889 1010 3949 in
1050 3888 1189 3970 ejus
1233 3882 1477 3947 numis.

1082 4078 1326 4144 Amica
1360 4030 1488 4140 ¹:scm
1514 4029 1829 4158 proditicr.
1882 4123 1901 4142 ,

706 4165 711 4172 ’
798 4175 1171 4242 DRVSVS.
1226 4174 1429 4258 Caput
1457 4168 1800 4253 Drusism.
1836 4163 2084 4230 nudum.
2155 4165 2303 4228 AR.

876 4423 934 4501 a)
964 4436 1121 4487 Suet.
1160 4451 1204 4487 c.
1250 4451 1330 4504 ¹5·

806 4501 863 4564 d)
883 4519 1019 4628 ἕης.
1052 4521 1141 4570 5⁷·

1585 4431 1647 4491 b)
1684 4430 1794 4481 Dio
1830 4429 1893 4479 L.
1916 4424 2082 4479 LIX.
2124 4430 2153 4498 §
2188 4438 2312 4493 3·et
2349 4443 2431 4479 22.

1336 4501 1388 4566 e)
1426 4499 1596 4553 Vaill.
1633 4498 1800 4557 Num,
1836 4495 2031 4568 praest.
2070 4497 2139 4548 T.
2180 4497 2254 4548 11.
2293 4514 2352 4566 p.

1980 530 2694 613 CALIGVLA4

2478 736 2774 800 Numum
2815 735 2991 798 hunc
3026 746 3418 819 proponunt
3459 735 3914 814 Vaillantius,
3993 770 4000 783 ·

2385 841 2453 892 et
2489 831 2843 913 Motellius
2879 834 3051 895 inter
3092 850 3330 893 numos
3374 830 3749 915 Caligulae,
3777 833 3920 914 qui
3997 860 4006 871 ·

2383 927 2560 993 adeo
2598 925 2912 990 feriundo
2969 916 3101 990 hoc
3156 944 3360 989 numo
3399 927 3806 989 memoriam
3835 946 3914 1003 a·

2382 1022 2454 1083 vi
2503 1020 2596 1087 rui
2627 1015 3012 1088 renovavit.

2673 1206 2746 1276 c,
2791 1168 3162 1277 cAtisAR.
3195 1166 3403 1274 Axio.
3445 1194 3920 1279 GERMANT-

2675 1306 2861 1371 CVS.
2917 1307 3411 1393 Caputnudum.
3577 1372 3582 1375 .

2383 1401 2949 1468 IMPERATOR.
3035 1404 3308 1470 PONT.
3365 1408 3600 1470 MA&
3674 1403 3908 1470 AVG.

2385 1496 2533 1560 TR.
2574 1496 2781 1561 POT.
2842 1500 3190 1582 Simpulum
3233 1508 3292 1569 ct
3339 1500 3552 1565 lituus.‘
3644 1503 3789 1565 AR.

2480 1593 2655 1653 Bina
2691 1586 3108 1657 insolentium
3127 1595 3369 1658 horum
3407 1617 3903 1683 numerum-ex-

2386 1685 2719 1771 emplaria
2794 1690 2990 1751 citari
3057 1691 3323 1764 video;
3395 1710 3598 1753 unum
3663 1694 3904 1774 prodit

2385 1779 2710 1843 Baldinus
2751 1803 2836 1845 ex
2883 1784 3109 1846 museo
3171 1780 3470 1873 Aponbli
3549 1789 3775 1864 Zeno,
3829 1786 3898 1864 e)

2387 1874 2674 1939 alterum
2741 1877 3034 1943 Liebeus
3100 1899 3185 1941 cx
3266 1880 3794 1964 SaxogothanO,
3848 1872 3900 1959 f)

2388 1989 2473 2032 ex
2517 1990 2652 2054 quo
2696 1992 2846 2034 eum
2884 1988 3087 2037 antea
3128 1977 3288 2056 jam.
3322 1976 3534 2037 edidit
3595 1978 3897 2040 Morelli·

2389 2060 2511 2142 uS,
2563 2064 2677 2129 etfi
2715 2065 2959 2151 [ignum
3008 2069 3271 2132 solitum
3329 2069 3543 2133 leonis
3588 2091 3722 2135 non
3764 2075 3896 2136 ad-

2255 2210 2258 2215 .
2381 2162 2596 2243 jiciat.
2697 2163 3057 2227 Insolentes
3092 2163 3216 2226 hos
3269 2184 3508 2227 numos
3548 2186 3725 2229 voco
3763 2170 3898 2251 pri·

2392 2275 2573 2318 mum
2634 2271 2912 2344 propter
2965 2259 3233 2323 titulum
3302 2261 3842 2343 IMPERATOR
3877 2312 3898 2343 ‚

2390 2353 2605 2435 quiin
2642 2353 2792 2416 aliis
2856 2351 3205 2440 Caligulae
3259 2355 3476 2419 numis
3535 2359 3898 2419 commatis

2391 2448 2475 2510 R.
2521 2448 2682 2511 addi
2721 2468 3063 2532 nunquam
3095 2448 3261 2512 solet
3287 2496 3306 2528 ,
3357 2470 3573 2532 neque
3624 2455 3896 2515 ratione

2389 2536 2890 2627 praenominis,
2944 2558 3014 2608 ut
3050 2543 3214 2607 illud
3273 2546 3620 2627 adjecere*
3649 2548 3894 2631 Augus·

2389 2651 2535 2715 tus,
2587 2639 2876 2721 aliique,
2929 2652 3144 2724 neque
3186 2641 3602 2725 cognominis
3643 2663 3766 2728 per
3800 2644 3899 2706 vi-

2389 2735 2642 2798 ctorias
2680 2736 2902 2819 parti,
2957 2747 3029 2799 ut
3077 2736 3400 2799 hactenus
3456 2745 3730 2814 oTnneS,
3782 2727 3897 2800 Etsi

2389 2829 2744 2892 videamus
2764 2829 2938 2892 hunc
2956 2830 3222 2894 titulum
3253 2828 3450 2893 instar
3476 2833 3900 2915 cognominis

2390 2925 2694 2987 additum
2728 2926 2795 2987 in
2831 2927 3049 2988 numis
3083 2928 3506 3008 quarundam
3527 2927 3899 3013 Hispaniae

2389 3019 2810 3083 coloniarum
2836 3069 2857 3098 ‚
2910 3020 3173 3099 Bilbilis
3203 3068 3223 3099 ,
3277 3018 3835 3106 Caesaraugustae
3865 3068 3895 3097 ‚

2390 3113 2819 3199 Carthaginis
2870 3118 3151 3193 Novae,
3204 3117 3624 3195 Ercavicae,
3691 3131 3757 3180 et
3824 3118 3899 3179 in

2389 3228 2727 3273 marmore
2772 3213 2951 3296 apud
2987 3209 3437 3275 Muratorium
3463 3258 3482 3288 ,
3505 3209 3569 3294 8)
3618 3211 3732 3274 sed
3760 3212 3899 3275 hoc

2388 3324 2659 3389 quoque
2714 3306 2803 3368 ab
2870 3305 3182 3390 Hispanis
3251 3306 3568 3390 inscripto
3604 3353 3623 3384 ,
3710 3309 3926 3391 quod·

2388 3400 2568 3464 infra
2604 3400 2693 3464 ad
2716 3401 3037 3466 adfictum
3055 3400 3421 3465 Caesoniae
3445 3422 3717 3465 numum
3740 3423 3890 3486 pro·
4005 3409 4024 3416 “

2387 3498 2655 3561 ducam.
2762 3496 3090 3561 Abstinuit
3132 3517 3292 3582 ergo
3337 3496 3471 3558 hoc
3510 3496 3707 3560 titulo
3749 3511 3892 3561 tan·

2388 3611 2592 3677 quam
2657 3594 3096 3677 praenomine
3175 3593 3434 3658 secutus
3505 3592 3890 3677 exemplum

2384 3685 2689 3768 Tiberii,
2743 3700 2810 3750 et
2843 3701 3170 3770 tanquam
3232 3688 3677 3772 cognomine,
3733 3689 3894 3772 quia

2385 3802 2625 3847 revera
2665 3802 2747 3845 eo
2780 3784 3154 3867 imperante
3185 3784 3480 3848 victoria
3517 3783 3703 3847 nulla
3743 3804 3888 3868 par·

2384 3890 2459 3940 ta
2514 3876 2625 3944 est.
2727 3876 2965 3942 Refert
3014 3882 3285 3962 quidem
3334 3879 3511 3952 Diu,
3560 3869 3624 3960 ¹²)
3676 3899 3826 3941 eum
3869 3929 3890 3960 ,

2387 3993 2540 4038 cum
2577 3974 2645 4036 in
2680 3970 2908 4038 Gallia
2940 3975 3348 4051 versaretur,
3401 3974 3638 4057 septies
3675 3973 3891 4038 abex·

2388 4071 2601 4134 ercitu
2652 4069 3114 4138 adclamatum
3157 4072 3660 4156 imperatorem.
3761 4071 3890 4138 Ye-

2386 4186 2535 4230 rum
2578 4179 2651 4230 ut
2694 4177 2841 4228 tota
2872 4186 2956 4230 ea
2989 4167 3371 4252 expeditio,
3426 4163 3509 4227 [ic
3548 4177 3613 4227 et
3655 4163 3893 4228 adcla-

2697 4428 2742 4488 c)
2783 4426 2953 4484 vain,
2989 4444 3139 4480 num.
3179 4428 3369 4497 praest.
3408 4429 3477 4479 T.
3513 4429 3588 4479 11.

3639 4445 3768 4545 pag.
3816 4444 3895 4494 49.

2388 4514 2476 4566 5⁰·
2613 4496 2654 4556 f)
2690 4513 2819 4565 pag,
2860 4509 2976 4559 244.
3167 4499 3222 4565 g)
3257 4513 3380 4566 pag.
3421 4513 3538 4565 225.
3753 4499 3790 4558 ι)
3837 4497 3892 4547 Ι..
