<?xml version="1.0" encoding="UTF-8"?>
<!DOCTYPE html PUBLIC "-//W3C//DTD XHTML 1.0 Transitional//EN"
    "http://www.w3.org/TR/xhtml1/DTD/xhtml1-transitional.dtd">
<html xmlns="http://www.w3.org/1999/xhtml" xml:lang="en" lang="en">
 <head>
  <title>
</title>
<meta http-equiv="Content-Type" content="text/html;charset=utf-8" />
  <meta name='ocr-system' content='tesseract 3.04.00' />
  <meta name='ocr-capabilities' content='ocr_page ocr_carea ocr_par ocr_line ocrx_word'/>
</head>
<body>
  <div class='ocr_page' id='page_1' title='image "./doctrinanumorum02unkngoog_0374.png"; bbox 0 0 4225 5450; ppageno 0'>
   <div class='ocr_carea' id='block_1_1' title="bbox 801 520 941 586">
    <p class='ocr_par' dir='ltr' id='par_1_1' title="bbox 801 520 941 586">
     <span class='ocr_line' id='line_1_1' title="bbox 801 520 941 586; baseline 0 0"><span class='ocrx_word' id='word_1_1' title='bbox 801 520 941 586; x_wconf 58' lang='grc' dir='ltr'><strong>,τοι</strong></span> 
     </span>
    </p>
   </div>
   <div class='ocr_carea' id='block_1_2' title="bbox 2195 497 2571 601">
    <p class='ocr_par' dir='ltr' id='par_1_2' title="bbox 2195 497 2571 601">
     <span class='ocr_line' id='line_1_2' title="bbox 2195 497 2571 601; baseline -0.013 -23"><span class='ocrx_word' id='word_1_2' title='bbox 2195 497 2571 601; x_wconf 70' lang='lat' dir='ltr'><strong>orno</strong></span> 
     </span>
    </p>
   </div>
   <div class='ocr_carea' id='block_1_3' title="bbox 907 650 3902 786">
    <p class='ocr_par' dir='ltr' id='par_1_3' title="bbox 907 650 3902 786">
     <span class='ocr_line' id='line_1_3' title="bbox 907 650 3902 786; baseline 0 -21"><span class='ocrx_word' id='word_1_3' title='bbox 907 695 1133 786; x_wconf 84' lang='lat' dir='ltr'><strong>Caput</strong></span> <span class='ocrx_word' id='word_1_4' title='bbox 1168 698 1461 765; x_wconf 84' lang='lat' dir='ltr'><strong>Othonis</strong></span> <span class='ocrx_word' id='word_1_5' title='bbox 1506 699 1575 761; x_wconf 90' lang='lat' dir='ltr'><strong>in</strong></span> <span class='ocrx_word' id='word_1_6' title='bbox 1631 698 1736 761; x_wconf 85' lang='lat' dir='ltr'><strong>his</strong></span> <span class='ocrx_word' id='word_1_7' title='bbox 1786 700 2005 761; x_wconf 89' lang='lat' dir='ltr'><strong>aureis</strong></span> <span class='ocrx_word' id='word_1_8' title='bbox 2067 711 2133 762; x_wconf 86' lang='lat' dir='ltr'><strong>et</strong></span> <span class='ocrx_word' id='word_1_9' title='bbox 2209 708 2312 761; x_wconf 78' lang='lat' dir='ltr'><strong>ai·-</strong></span> <span class='ocrx_word' id='word_1_10' title='bbox 2383 702 2799 786; x_wconf 77' lang='lat' dir='ltr'><strong>cornucopiae.</strong></span> <span class='ocrx_word' id='word_1_11' title='bbox 2852 694 3329 770; x_wconf 83' lang='lat' dir='ltr'><strong>AV.AR.vel:</strong></span> <span class='ocrx_word' id='word_1_12' title='bbox 3383 650 3902 786; x_wconf 52' lang='lat' dir='ltr'><strong>Aequitasstansl</strong></span> 
     </span>
    </p>
   </div>
   <div class='ocr_carea' id='block_1_4' title="bbox 808 793 2314 886">
    <p class='ocr_par' dir='ltr' id='par_1_4' title="bbox 808 793 2314 886">
     <span class='ocr_line' id='line_1_4' title="bbox 808 793 2314 886; baseline -0.003 -25"><span class='ocrx_word' id='word_1_13' title='bbox 808 799 1063 886; x_wconf 84' lang='lat' dir='ltr'><strong>genteis</strong></span> <span class='ocrx_word' id='word_1_14' title='bbox 1111 796 1469 860; x_wconf 88' lang='lat' dir='ltr'><strong>commatis</strong></span> <span class='ocrx_word' id='word_1_15' title='bbox 1522 796 1817 856; x_wconf 86' lang='lat' dir='ltr'><strong>Romani</strong></span> <span class='ocrx_word' id='word_1_16' title='bbox 1867 796 2086 858; x_wconf 88' lang='lat' dir='ltr'><strong>numis</strong></span> <span class='ocrx_word' id='word_1_17' title='bbox 2127 793 2314 856; x_wconf 85' lang='lat' dir='ltr'><strong>nulla</strong></span> 
     </span>
    </p>
   </div>
   <div class='ocr_carea' id='block_1_5' title="bbox 811 888 2428 978">
    <p class='ocr_par' dir='ltr' id='par_1_5' title="bbox 811 888 2428 978">
     <span class='ocr_line' id='line_1_5' title="bbox 811 888 2428 978; baseline -0.004 -22"><span class='ocrx_word' id='word_1_18' title='bbox 811 910 1110 978; x_wconf 89' lang='lat' dir='ltr'><strong>unquam</strong></span> <span class='ocrx_word' id='word_1_19' title='bbox 1151 909 1406 953; x_wconf 89' lang='lat' dir='ltr'><strong>corona</strong></span> <span class='ocrx_word' id='word_1_20' title='bbox 1456 888 1693 951; x_wconf 86' lang='lat' dir='ltr'><strong>laurea</strong></span> <span class='ocrx_word' id='word_1_21' title='bbox 1735 888 2073 966; x_wconf 84' lang='lat' dir='ltr'><strong>ambitur,</strong></span> <span class='ocrx_word' id='word_1_22' title='bbox 2140 906 2315 968; x_wconf 87' lang='lat' dir='ltr'><strong>quae</strong></span> <span class='ocrx_word' id='word_1_23' title='bbox 2370 889 2428 974; x_wconf 92' lang='lat' dir='ltr'><em>s</em></span> 
     </span>
    </p>
   </div>
   <div class='ocr_carea' id='block_1_6' title="bbox 2387 793 3904 982">
    <p class='ocr_par' dir='ltr' id='par_1_6' title="bbox 2387 793 3904 982">
     <span class='ocr_line' id='line_1_6' title="bbox 2387 793 3893 880; baseline 0.003 -24"><span class='ocrx_word' id='word_1_24' title='bbox 2387 796 2530 857; x_wconf 86' lang='lat' dir='ltr'><strong>AR.</strong></span> <span class='ocrx_word' id='word_1_25' title='bbox 2569 798 2717 859; x_wconf 86' lang='lat' dir='ltr'><strong>vel:</strong></span> <span class='ocrx_word' id='word_1_26' title='bbox 2770 795 3008 862; x_wconf 71' lang='lat' dir='ltr'><strong>Mulier</strong></span> <span class='ocrx_word' id='word_1_27' title='bbox 3030 793 3464 880; x_wconf 71' lang='lat' dir='ltr'><strong>ve&#39;atafidens</strong></span> <span class='ocrx_word' id='word_1_28' title='bbox 3498 797 3559 859; x_wconf 79' lang='lat' dir='ltr'><strong>d.</strong></span> <span class='ocrx_word' id='word_1_29' title='bbox 3576 804 3893 879; x_wconf 71' lang='lat' dir='ltr'><strong>pateram,</strong></span> 
     </span>
     <span class='ocr_line' id='line_1_7' title="bbox 2470 888 3904 982; baseline -0.001 -26"><span class='ocrx_word' id='word_1_30' title='bbox 2470 888 2717 982; x_wconf 71' lang='lat' dir='ltr'><strong>haftam.</strong></span> <span class='ocrx_word' id='word_1_31' title='bbox 2796 893 2940 954; x_wconf 85' lang='lat' dir='ltr'><strong>AR.</strong></span> <span class='ocrx_word' id='word_1_32' title='bbox 3004 889 3154 953; x_wconf 87' lang='lat' dir='ltr'><strong>vel·</strong></span> <span class='ocrx_word' id='word_1_33' title='bbox 3224 891 3584 973; x_wconf 77' lang='lat' dir='ltr'><em>Imperator</em></span> <span class='ocrx_word' id='word_1_34' title='bbox 3633 900 3904 974; x_wconf 67' lang='lat' dir='ltr'><strong>togatus</strong></span> 
     </span>
    </p>
   </div>
   <div class='ocr_carea' id='block_1_7' title="bbox 754 982 3893 1070">
    <p class='ocr_par' dir='ltr' id='par_1_7' title="bbox 754 982 3893 1070">
     <span class='ocr_line' id='line_1_8' title="bbox 754 982 3893 1070; baseline -0.003 -17"><span class='ocrx_word' id='word_1_35' title='bbox 754 1022 781 1053; x_wconf 61' lang='lat' dir='ltr'>x</span> <span class='ocrx_word' id='word_1_36' title='bbox 808 1002 1041 1051; x_wconf 84' lang='lat' dir='ltr'><strong>tamen</strong></span> <span class='ocrx_word' id='word_1_37' title='bbox 1069 987 1344 1049; x_wconf 84' lang='lat' dir='ltr'>additur</span> <span class='ocrx_word' id='word_1_38' title='bbox 1377 985 1444 1046; x_wconf 90' lang='lat' dir='ltr'><strong>in</strong></span> <span class='ocrx_word' id='word_1_39' title='bbox 1485 984 1701 1045; x_wconf 88' lang='lat' dir='ltr'><strong>numis</strong></span> <span class='ocrx_word' id='word_1_40' title='bbox 1734 1003 1885 1046; x_wconf 88' lang='lat' dir='ltr'><strong>cum</strong></span> <span class='ocrx_word' id='word_1_41' title='bbox 1931 983 2314 1068; x_wconf 80' lang='lat' dir='ltr'>argenteis,</span> <span class='ocrx_word' id='word_1_42' title='bbox 2370 982 2589 1069; x_wconf 77' lang='lat' dir='ltr'><strong>fidens</strong></span> <span class='ocrx_word' id='word_1_43' title='bbox 2634 986 2697 1052; x_wconf 79' lang='lat' dir='ltr'><strong>d.</strong></span> <span class='ocrx_word' id='word_1_44' title='bbox 2785 1007 3078 1061; x_wconf 78' lang='lat' dir='ltr'><strong>ramum,</strong></span> <span class='ocrx_word' id='word_1_45' title='bbox 3110 983 3171 1070; x_wconf 89' lang='lat' dir='ltr'><strong>s.</strong></span> <span class='ocrx_word' id='word_1_46' title='bbox 3236 982 3490 1065; x_wconf 63' lang='lat' dir='ltr'><strong>hqffam.</strong></span> <span class='ocrx_word' id='word_1_47' title='bbox 3555 984 3696 1048; x_wconf 79' lang='lat' dir='ltr'><strong>AR.</strong></span> <span class='ocrx_word' id='word_1_48' title='bbox 3733 985 3893 1047; x_wconf 81' lang='lat' dir='ltr'><strong>vel:</strong></span> 
     </span>
    </p>
   </div>
   <div class='ocr_carea' id='block_1_8' title="bbox 800 1077 2321 2679">
    <p class='ocr_par' dir='ltr' id='par_1_8' title="bbox 800 1077 2321 2679">
     <span class='ocr_line' id='line_1_9' title="bbox 809 1077 2315 1164; baseline -0.005 -18"><span class='ocrx_word' id='word_1_49' title='bbox 809 1097 950 1146; x_wconf 91' lang='lat' dir='ltr'><strong>tum</strong></span> <span class='ocrx_word' id='word_1_50' title='bbox 970 1082 1197 1144; x_wconf 88' lang='lat' dir='ltr'><strong>aeneis</strong></span> <span class='ocrx_word' id='word_1_51' title='bbox 1218 1079 1576 1141; x_wconf 88' lang='lat' dir='ltr'><strong>commatis</strong></span> <span class='ocrx_word' id='word_1_52' title='bbox 1594 1079 1948 1164; x_wconf 85' lang='lat' dir='ltr'><strong>peregrini.</strong></span> <span class='ocrx_word' id='word_1_53' title='bbox 2050 1077 2156 1139; x_wconf 86' lang='lat' dir='ltr'><strong>Illi</strong></span> <span class='ocrx_word' id='word_1_54' title='bbox 2175 1094 2315 1138; x_wconf 88' lang='lat' dir='ltr'><strong>om·</strong></span> 
     </span>
     <span class='ocr_line' id='line_1_10' title="bbox 807 1170 2315 1265; baseline -0.006 -24"><span class='ocrx_word' id='word_1_55' title='bbox 807 1196 925 1241; x_wconf 88' lang='lat' dir='ltr'><strong>nes</strong></span> <span class='ocrx_word' id='word_1_56' title='bbox 965 1174 1250 1260; x_wconf 80' lang='lat' dir='ltr'><strong>capillos</strong></span> <span class='ocrx_word' id='word_1_57' title='bbox 1289 1186 1556 1247; x_wconf 76' lang='lat' dir='ltr'><strong>curtoS,</strong></span> <span class='ocrx_word' id='word_1_58' title='bbox 1622 1185 1687 1234; x_wconf 90' lang='lat' dir='ltr'><strong>et</strong></span> <span class='ocrx_word' id='word_1_59' title='bbox 1732 1183 1922 1265; x_wconf 74' lang='lat' dir='ltr'><strong>certa</strong></span> <span class='ocrx_word' id='word_1_60' title='bbox 1968 1170 2153 1255; x_wconf 54' lang='lat' dir='ltr'><strong>lege„</strong></span> <span class='ocrx_word' id='word_1_61' title='bbox 2229 1172 2315 1233; x_wconf 86' lang='lat' dir='ltr'><strong>ci-</strong></span> 
     </span>
     <span class='ocr_line' id='line_1_11' title="bbox 808 1266 2311 1350; baseline -0.007 -14"><span class='ocrx_word' id='word_1_62' title='bbox 808 1288 917 1337; x_wconf 88' lang='lat' dir='ltr'><strong>tra</strong></span> <span class='ocrx_word' id='word_1_63' title='bbox 953 1290 1248 1347; x_wconf 85' lang='lat' dir='ltr'><strong>rnorem,</strong></span> <span class='ocrx_word' id='word_1_64' title='bbox 1304 1288 1501 1350; x_wconf 88' lang='lat' dir='ltr'><strong>quem</strong></span> <span class='ocrx_word' id='word_1_65' title='bbox 1558 1268 1626 1329; x_wconf 88' lang='lat' dir='ltr'><strong>in</strong></span> <span class='ocrx_word' id='word_1_66' title='bbox 1686 1267 1975 1329; x_wconf 87' lang='lat' dir='ltr'><strong>aliorum</strong></span> <span class='ocrx_word' id='word_1_67' title='bbox 2016 1266 2311 1350; x_wconf 82' lang='lat' dir='ltr'><strong>impera-</strong></span> 
     </span>
     <span class='ocr_line' id='line_1_12' title="bbox 806 1358 2314 1449; baseline -0.007 -18"><span class='ocrx_word' id='word_1_68' title='bbox 806 1382 1031 1433; x_wconf 85' lang='lat' dir='ltr'><strong>torum</strong></span> <span class='ocrx_word' id='word_1_69' title='bbox 1071 1363 1477 1449; x_wconf 78' lang='lat' dir='ltr'><strong>imaginibus</strong></span> <span class='ocrx_word' id='word_1_70' title='bbox 1526 1362 1937 1446; x_wconf 79' lang='lat' dir='ltr'><strong>spectamuS‚</strong></span> <span class='ocrx_word' id='word_1_71' title='bbox 1991 1358 2314 1445; x_wconf 77' lang='lat' dir='ltr'><strong>compost-</strong></span> 
     </span>
     <span class='ocr_line' id='line_1_13' title="bbox 806 1455 2315 1540; baseline -0.007 -14"><span class='ocrx_word' id='word_1_72' title='bbox 806 1476 916 1527; x_wconf 86' lang='lat' dir='ltr'><strong>tos</strong></span> <span class='ocrx_word' id='word_1_73' title='bbox 960 1460 1316 1535; x_wconf 80' lang='lat' dir='ltr'><strong>exhibent,</strong></span> <span class='ocrx_word' id='word_1_74' title='bbox 1370 1478 1569 1540; x_wconf 90' lang='lat' dir='ltr'><strong>quem</strong></span> <span class='ocrx_word' id='word_1_75' title='bbox 1603 1456 1801 1518; x_wconf 90' lang='lat' dir='ltr'><strong>nobis</strong></span> <span class='ocrx_word' id='word_1_76' title='bbox 1836 1455 2086 1517; x_wconf 90' lang='lat' dir='ltr'><strong>cultum</strong></span> <span class='ocrx_word' id='word_1_77' title='bbox 2132 1473 2315 1539; x_wconf 87' lang='lat' dir='ltr'><strong>egre-</strong></span> 
     </span>
     <span class='ocr_line' id='line_1_14' title="bbox 806 1549 2317 1644; baseline -0.005 -25"><span class='ocrx_word' id='word_1_78' title='bbox 806 1559 912 1644; x_wconf 80' lang='lat' dir='ltr'><strong>gie</strong></span> <span class='ocrx_word' id='word_1_79' title='bbox 952 1554 1251 1639; x_wconf 81' lang='lat' dir='ltr'><strong>explicat</strong></span> <span class='ocrx_word' id='word_1_80' title='bbox 1289 1552 1691 1628; x_wconf 88' lang='lat' dir='ltr'><strong>Suetonius,</strong></span> <span class='ocrx_word' id='word_1_81' title='bbox 1742 1549 1805 1630; x_wconf 78' lang='lat'><strong>⁸)</strong></span> <span class='ocrx_word' id='word_1_82' title='bbox 1870 1550 2317 1617; x_wconf 74' lang='lat' dir='ltr'><strong>munditiarum</strong></span> 
     </span>
     <span class='ocr_line' id='line_1_15' title="bbox 804 1642 2314 1733; baseline -0.007 -17"><span class='ocrx_word' id='word_1_83' title='bbox 804 1671 951 1716; x_wconf 83' lang='lat' dir='ltr'><strong>vero</strong></span> <span class='ocrx_word' id='word_1_84' title='bbox 976 1668 1197 1733; x_wconf 78' lang='lat' dir='ltr'><strong>paene.</strong></span> <span class='ocrx_word' id='word_1_85' title='bbox 1244 1645 1630 1711; x_wconf 78' lang='lat' dir='ltr'><strong>muliebrium</strong></span> <span class='ocrx_word' id='word_1_86' title='bbox 1714 1642 1901 1709; x_wconf 81' lang='lat' dir='ltr'><strong>fuiss&#39;e</strong></span> <span class='ocrx_word' id='word_1_87' title='bbox 1972 1646 2314 1709; x_wconf 80' lang='lat' dir='ltr'><strong>Othonem</strong></span> 
     </span>
     <span class='ocr_line' id='line_1_16' title="bbox 806 1738 2316 1827; baseline -0.003 -19"><span class='ocrx_word' id='word_1_88' title='bbox 806 1745 1140 1819; x_wconf 85' lang='lat' dir='ltr'><strong>scribens,</strong></span> <span class='ocrx_word' id='word_1_89' title='bbox 1189 1738 1352 1822; x_wconf 83' lang='lat' dir='ltr'><strong>vulso</strong></span> <span class='ocrx_word' id='word_1_90' title='bbox 1390 1761 1695 1827; x_wconf 81' lang='lat' dir='ltr'><strong>corpore,</strong></span> <span class='ocrx_word' id='word_1_91' title='bbox 1741 1739 2080 1825; x_wconf 77' lang='lat' dir='ltr'><strong>galericulo</strong></span> <span class='ocrx_word' id='word_1_92' title='bbox 2121 1742 2316 1823; x_wconf 75' lang='lat' dir='ltr'><strong>capiti</strong></span> 
     </span>
     <span class='ocr_line' id='line_1_17' title="bbox 800 1835 2314 1925; baseline -0.006 -19"><span class='ocrx_word' id='word_1_93' title='bbox 800 1848 1065 1925; x_wconf 79' lang='lat' dir='ltr'><strong>propter</strong></span> <span class='ocrx_word' id='word_1_94' title='bbox 1108 1839 1443 1902; x_wconf 81' lang='lat' dir='ltr'><strong>raritatem</strong></span> <span class='ocrx_word' id='word_1_95' title='bbox 1474 1835 1825 1921; x_wconf 79' lang='lat' dir='ltr'><strong>capillorum</strong></span> <span class='ocrx_word' id='word_1_96' title='bbox 1888 1836 2208 1921; x_wconf 80' lang='lat' dir='ltr'><strong>adaptato.</strong></span> <span class='ocrx_word' id='word_1_97' title='bbox 2256 1844 2314 1898; x_wconf 76' lang='lat' dir='ltr'><strong>et</strong></span> 
     </span>
     <span class='ocr_line' id='line_1_18' title="bbox 804 1932 2312 2016; baseline -0.006 -16"><span class='ocrx_word' id='word_1_98' title='bbox 804 1946 1048 2000; x_wconf 74' lang='lat' dir='ltr'><strong>annexa</strong></span> <span class='ocrx_word' id='word_1_99' title='bbox 1072 1979 1092 2012; x_wconf 91' lang='lat'>‚</span> <span class='ocrx_word' id='word_1_100' title='bbox 1140 1942 1212 1996; x_wconf 77' lang='lat' dir='ltr'><strong>ut</strong></span> <span class='ocrx_word' id='word_1_101' title='bbox 1249 1951 1420 1996; x_wconf 79' lang='lat' dir='ltr'><strong>nemo</strong></span> <span class='ocrx_word' id='word_1_102' title='bbox 1460 1932 1878 2016; x_wconf 74' lang='lat' dir='ltr'><strong>dignosceret,-</strong></span> <span class='ocrx_word' id='word_1_103' title='bbox 1929 1951 2063 2015; x_wconf 90' lang='lat' dir='ltr'><strong>quo</strong></span> <span class='ocrx_word' id='word_1_104' title='bbox 2115 1933 2312 1993; x_wconf 89' lang='lat' dir='ltr'><strong>doce-</strong></span> 
     </span>
     <span class='ocr_line' id='line_1_19' title="bbox 802 2026 2311 2113; baseline -0.007 -16"><span class='ocrx_word' id='word_1_105' title='bbox 802 2051 993 2113; x_wconf 85' lang='lat' dir='ltr'><strong>mur,</strong></span> <span class='ocrx_word' id='word_1_106' title='bbox 1045 2028 1385 2092; x_wconf 84' lang='lat' dir='ltr'><strong>Othonem</strong></span> <span class='ocrx_word' id='word_1_107' title='bbox 1420 2029 1509 2091; x_wconf 89' lang='lat' dir='ltr'><strong>ad</strong></span> <span class='ocrx_word' id='word_1_108' title='bbox 1546 2028 1903 2111; x_wconf 85' lang='lat' dir='ltr'><strong>tegendam</strong></span> <span class='ocrx_word' id='word_1_109' title='bbox 1936 2026 2311 2101; x_wconf 83' lang='lat' dir='ltr'><strong>calvitiem,</strong></span> 
     </span>
     <span class='ocr_line' id='line_1_20' title="bbox 805 2109 2310 2212; baseline -0.005 -22"><span class='ocrx_word' id='word_1_110' title='bbox 805 2144 980 2212; x_wconf 86' lang='lat' dir='ltr'><strong>quae</strong></span> <span class='ocrx_word' id='word_1_111' title='bbox 1019 2109 1239 2208; x_wconf 88' lang='lat' dir='ltr'><strong>turpis</strong></span> <span class='ocrx_word' id='word_1_112' title='bbox 1264 2124 1427 2186; x_wconf 88' lang='lat' dir='ltr'><strong>olim</strong></span> <span class='ocrx_word' id='word_1_113' title='bbox 1460 2122 1700 2186; x_wconf 89' lang='lat' dir='ltr'><strong>habita</strong></span> <span class='ocrx_word' id='word_1_114' title='bbox 1730 2120 1895 2199; x_wconf 86' lang='lat' dir='ltr'><strong>fuit,</strong></span> <span class='ocrx_word' id='word_1_115' title='bbox 1944 2125 2162 2185; x_wconf 90' lang='lat' dir='ltr'><strong>comis</strong></span> <span class='ocrx_word' id='word_1_116' title='bbox 2194 2121 2310 2187; x_wconf 82' lang='lat' dir='ltr'><strong>ad·</strong></span> 
     </span>
     <span class='ocr_line' id='line_1_21' title="bbox 803 2190 2314 2286; baseline -0.005 -2"><span class='ocrx_word' id='word_1_117' title='bbox 803 2221 1004 2286; x_wconf 80' lang='lat' dir='ltr'><strong>scitiis</strong></span> <span class='ocrx_word' id='word_1_118' title='bbox 1040 2219 1248 2283; x_wconf 81' lang='lat' dir='ltr'><strong>usum.</strong></span> <span class='ocrx_word' id='word_1_119' title='bbox 1351 2218 1573 2284; x_wconf 79' lang='lat' dir='ltr'><strong>Alium</strong></span> <span class='ocrx_word' id='word_1_120' title='bbox 1620 2218 1838 2280; x_wconf 82' lang='lat' dir='ltr'><strong>rursus</strong></span> <span class='ocrx_word' id='word_1_121' title='bbox 1906 2219 2159 2281; x_wconf 88' lang='lat' dir='ltr'><strong>cultum</strong></span> <span class='ocrx_word' id='word_1_122' title='bbox 2213 2190 2314 2277; x_wconf 50' lang='lat' dir='ltr'><strong>st·</strong></span> 
     </span>
     <span class='ocr_line' id='line_1_22' title="bbox 803 2313 2310 2391; baseline -0.006 -11"><span class='ocrx_word' id='word_1_123' title='bbox 803 2319 1039 2381; x_wconf 86' lang='lat' dir='ltr'><strong>demus</strong></span> <span class='ocrx_word' id='word_1_124' title='bbox 1089 2317 1158 2378; x_wconf 88' lang='lat' dir='ltr'><strong>in</strong></span> <span class='ocrx_word' id='word_1_125' title='bbox 1216 2315 1432 2377; x_wconf 88' lang='lat' dir='ltr'><strong>numis</strong></span> <span class='ocrx_word' id='word_1_126' title='bbox 1482 2315 1843 2376; x_wconf 89' lang='lat' dir='ltr'><strong>commatis</strong></span> <span class='ocrx_word' id='word_1_127' title='bbox 1892 2313 2191 2391; x_wconf 79' lang='lat' dir='ltr'><strong>externi,</strong></span> <span class='ocrx_word' id='word_1_128' title='bbox 2243 2313 2310 2372; x_wconf 91' lang='lat' dir='ltr'><strong>in</strong></span> 
     </span>
     <span class='ocr_line' id='line_1_23' title="bbox 802 2397 2313 2496; baseline -0.007 -20"><span class='ocrx_word' id='word_1_129' title='bbox 802 2397 1047 2496; x_wconf 82' lang='lat' dir='ltr'><strong>quibus</strong></span> <span class='ocrx_word' id='word_1_130' title='bbox 1083 2409 1407 2476; x_wconf 81' lang='lat' dir='ltr'><strong>caesaries</strong></span> <span class='ocrx_word' id='word_1_131' title='bbox 1460 2407 1887 2494; x_wconf 84' lang='lat' dir='ltr'><strong>promissior‚</strong></span> <span class='ocrx_word' id='word_1_132' title='bbox 1942 2419 2007 2470; x_wconf 90' lang='lat' dir='ltr'><strong>et</strong></span> <span class='ocrx_word' id='word_1_133' title='bbox 2060 2409 2313 2469; x_wconf 88' lang='lat' dir='ltr'><strong>decora</strong></span> 
     </span>
     <span class='ocr_line' id='line_1_24' title="bbox 804 2500 2321 2592; baseline -0.009 -19"><span class='ocrx_word' id='word_1_134' title='bbox 804 2508 1142 2592; x_wconf 85' lang='lat' dir='ltr'><strong>objicitur.</strong></span> <span class='ocrx_word' id='word_1_135' title='bbox 1245 2505 1425 2585; x_wconf 88' lang='lat' dir='ltr'><strong>Quin</strong></span> <span class='ocrx_word' id='word_1_136' title='bbox 1466 2506 1535 2565; x_wconf 89' lang='lat' dir='ltr'><strong>in</strong></span> <span class='ocrx_word' id='word_1_137' title='bbox 1604 2504 1708 2564; x_wconf 86' lang='lat' dir='ltr'><strong>his</strong></span> <span class='ocrx_word' id='word_1_138' title='bbox 1774 2500 1977 2564; x_wconf 84' lang='lat' dir='ltr'><strong>faciei</strong></span> <span class='ocrx_word' id='word_1_139' title='bbox 2038 2520 2321 2584; x_wconf 74' lang='lat' dir='ltr'><strong>quoque</strong></span> 
     </span>
     <span class='ocr_line' id='line_1_25' title="bbox 802 2595 2309 2679; baseline -0.009 -12"><span class='ocrx_word' id='word_1_140' title='bbox 802 2605 1211 2668; x_wconf 85' lang='lat' dir='ltr'><strong>lineamenta</strong></span> <span class='ocrx_word' id='word_1_141' title='bbox 1246 2599 1575 2663; x_wconf 78' lang='lat' dir='ltr'><strong>abludunt</strong></span> <span class='ocrx_word' id='word_1_142' title='bbox 1625 2597 1715 2658; x_wconf 91' lang='lat' dir='ltr'><strong>ab</strong></span> <span class='ocrx_word' id='word_1_143' title='bbox 1770 2595 1942 2674; x_wconf 86' lang='lat' dir='ltr'><strong>illis,</strong></span> <span class='ocrx_word' id='word_1_144' title='bbox 2012 2615 2188 2679; x_wconf 91' lang='lat' dir='ltr'><strong>quae</strong></span> <span class='ocrx_word' id='word_1_145' title='bbox 2240 2597 2309 2655; x_wconf 91' lang='lat' dir='ltr'><strong>in</strong></span> 
     </span>
    </p>
   </div>
   <div class='ocr_carea' id='block_1_9' title="bbox 696 2691 2308 2764">
    <p class='ocr_par' dir='ltr' id='par_1_9' title="bbox 696 2691 2308 2764">
     <span class='ocr_line' id='line_1_26' title="bbox 696 2691 2308 2764; baseline -0.008 -1"><span class='ocrx_word' id='word_1_146' title='bbox 696 2745 703 2754; x_wconf 84' lang='lat'>-</span> <span class='ocrx_word' id='word_1_147' title='bbox 802 2700 1027 2764; x_wconf 73' lang='lat' dir='ltr'><strong>numia</strong></span> <span class='ocrx_word' id='word_1_148' title='bbox 1066 2695 1396 2758; x_wconf 87' lang='lat' dir='ltr'><strong>Romanis</strong></span> <span class='ocrx_word' id='word_1_149' title='bbox 1432 2691 1891 2754; x_wconf 84' lang='lat' dir='ltr'><strong>observantur.</strong></span> <span class='ocrx_word' id='word_1_150' title='bbox 1992 2692 2170 2752; x_wconf 85' lang='lat' dir='ltr'><strong>Tam</strong></span> <span class='ocrx_word' id='word_1_151' title='bbox 2195 2708 2308 2751; x_wconf 90' lang='lat' dir='ltr'><strong>va-</strong></span> 
     </span>
    </p>
   </div>
   <div class='ocr_carea' id='block_1_10' title="bbox 720 2781 2315 3540">
    <p class='ocr_par' dir='ltr' id='par_1_10' title="bbox 720 2781 2315 3540">
     <span class='ocr_line' id='line_1_27' title="bbox 803 2781 2312 2870; baseline -0.007 -15"><span class='ocrx_word' id='word_1_152' title='bbox 803 2795 887 2855; x_wconf 87' lang='lat' dir='ltr'><strong>rii</strong></span> <span class='ocrx_word' id='word_1_153' title='bbox 926 2790 1179 2854; x_wconf 83' lang='lat' dir='ltr'><strong>dissidii</strong></span> <span class='ocrx_word' id='word_1_154' title='bbox 1232 2781 1409 2849; x_wconf 86' lang='lat' dir='ltr'><strong>ratio</strong></span> <span class='ocrx_word' id='word_1_155' title='bbox 1443 2788 1510 2847; x_wconf 89' lang='lat' dir='ltr'><strong>in</strong></span> <span class='ocrx_word' id='word_1_156' title='bbox 1547 2798 1890 2870; x_wconf 85' lang='lat' dir='ltr'><strong>promptu.</strong></span> <span class='ocrx_word' id='word_1_157' title='bbox 2022 2785 2312 2847; x_wconf 84' lang='lat' dir='ltr'><strong>Provin-</strong></span> 
     </span>
     <span class='ocr_line' id='line_1_28' title="bbox 806 2880 2307 2964; baseline -0.008 -13"><span class='ocrx_word' id='word_1_158' title='bbox 806 2888 955 2951; x_wconf 88' lang='lat' dir='ltr'><strong>ciae</strong></span> <span class='ocrx_word' id='word_1_159' title='bbox 996 2894 1301 2946; x_wconf 89' lang='lat' dir='ltr'><strong>remotae</strong></span> <span class='ocrx_word' id='word_1_160' title='bbox 1350 2900 1511 2942; x_wconf 83' lang='lat' dir='ltr'><strong>mox</strong></span> <span class='ocrx_word' id='word_1_161' title='bbox 1564 2881 1836 2956; x_wconf 88' lang='lat' dir='ltr'><strong>audito,</strong></span> <span class='ocrx_word' id='word_1_162' title='bbox 1891 2883 1981 2944; x_wconf 87' lang='lat' dir='ltr'><strong>ad</strong></span> <span class='ocrx_word' id='word_1_163' title='bbox 2023 2880 2307 2964; x_wconf 89' lang='lat' dir='ltr'><strong>imperi-</strong></span> 
     </span>
     <span class='ocr_line' id='line_1_29' title="bbox 808 2975 2315 3059; baseline -0.014 -13"><span class='ocrx_word' id='word_1_164' title='bbox 808 3001 920 3046; x_wconf 86' lang='lat' dir='ltr'><strong>um</strong></span> <span class='ocrx_word' id='word_1_165' title='bbox 956 2989 1265 3044; x_wconf 85' lang='lat' dir='ltr'><strong>evectum</strong></span> <span class='ocrx_word' id='word_1_166' title='bbox 1298 2975 1677 3054; x_wconf 88' lang='lat' dir='ltr'><strong>Othonem,</strong></span> <span class='ocrx_word' id='word_1_167' title='bbox 1727 2981 2026 3041; x_wconf 88' lang='lat' dir='ltr'><strong>nondum</strong></span> <span class='ocrx_word' id='word_1_168' title='bbox 2089 2975 2315 3059; x_wconf 83' lang='lat' dir='ltr'><strong>cogni.</strong></span> 
     </span>
     <span class='ocr_line' id='line_1_30' title="bbox 806 3069 2309 3156; baseline -0.005 -16"><span class='ocrx_word' id='word_1_169' title='bbox 806 3090 880 3141; x_wconf 85' lang='lat' dir='ltr'><strong>to</strong></span> <span class='ocrx_word' id='word_1_170' title='bbox 915 3075 1031 3138; x_wconf 84' lang='lat' dir='ltr'><strong>fibi</strong></span> <span class='ocrx_word' id='word_1_171' title='bbox 1067 3077 1208 3154; x_wconf 86' lang='lat' dir='ltr'><strong>ejus</strong></span> <span class='ocrx_word' id='word_1_172' title='bbox 1262 3071 1481 3148; x_wconf 75' lang='lat' dir='ltr'><strong>cultu,</strong></span> <span class='ocrx_word' id='word_1_173' title='bbox 1556 3083 1624 3133; x_wconf 90' lang='lat' dir='ltr'><strong>et</strong></span> <span class='ocrx_word' id='word_1_174' title='bbox 1678 3073 2101 3140; x_wconf 81' lang='lat' dir='ltr'><strong>lineamentis</strong></span> <span class='ocrx_word' id='word_1_175' title='bbox 2119 3120 2141 3156; x_wconf 88' lang='lat'><strong>,</strong></span> <span class='ocrx_word' id='word_1_176' title='bbox 2193 3069 2309 3133; x_wconf 85' lang='lat' dir='ltr'><strong>fin-</strong></span> 
     </span>
     <span class='ocr_line' id='line_1_31' title="bbox 807 3165 2312 3254; baseline -0.007 -17"><span class='ocrx_word' id='word_1_177' title='bbox 807 3190 970 3237; x_wconf 81' lang='lat' dir='ltr'><strong>xere</strong></span> <span class='ocrx_word' id='word_1_178' title='bbox 1007 3180 1213 3254; x_wconf 87' lang='lat' dir='ltr'><strong>caput</strong></span> <span class='ocrx_word' id='word_1_179' title='bbox 1236 3216 1256 3245; x_wconf 92' lang='lat'><strong>,</strong></span> <span class='ocrx_word' id='word_1_180' title='bbox 1305 3168 1508 3250; x_wconf 69' lang='lat' dir='ltr'><strong>&#39;quale</strong></span> <span class='ocrx_word' id='word_1_181' title='bbox 1539 3166 1665 3229; x_wconf 73' lang='lat' dir='ltr'><strong>ess&#39;e</strong></span> <span class='ocrx_word' id='word_1_182' title='bbox 1695 3167 2091 3242; x_wconf 81' lang='lat' dir='ltr'><strong>videbatur3</strong></span> <span class='ocrx_word' id='word_1_183' title='bbox 2167 3165 2312 3228; x_wconf 86' lang='lat' dir='ltr'><strong>seri·</strong></span> 
     </span>
     <span class='ocr_line' id='line_1_32' title="bbox 811 3262 2314 3356; baseline -0.003 -26"><span class='ocrx_word' id='word_1_184' title='bbox 811 3287 889 3331; x_wconf 85' lang='lat' dir='ltr'><strong>us</strong></span> <span class='ocrx_word' id='word_1_185' title='bbox 920 3263 1031 3327; x_wconf 84' lang='lat' dir='ltr'><strong>etfi</strong></span> <span class='ocrx_word' id='word_1_186' title='bbox 1066 3263 1199 3327; x_wconf 88' lang='lat' dir='ltr'><strong>illis</strong></span> <span class='ocrx_word' id='word_1_187' title='bbox 1259 3262 1474 3348; x_wconf 85' lang='lat' dir='ltr'><strong>probe</strong></span> <span class='ocrx_word' id='word_1_188' title='bbox 1525 3264 1809 3356; x_wconf 80' lang='lat' dir='ltr'><strong>cognitis</strong></span> <span class='ocrx_word' id='word_1_189' title='bbox 1882 3284 1926 3326; x_wconf 87' lang='lat' dir='ltr'><strong>a</strong></span> <span class='ocrx_word' id='word_1_190' title='bbox 1998 3263 2314 3325; x_wconf 76' lang='lat' dir='ltr'><strong>ferianda</strong></span> 
     </span>
     <span class='ocr_line' id='line_1_33' title="bbox 813 3356 2310 3425; baseline -0.003 0"><span class='ocrx_word' id='word_1_191' title='bbox 813 3360 1105 3425; x_wconf 82' lang='lat' dir='ltr'><strong>Othonis</strong></span> <span class='ocrx_word' id='word_1_192' title='bbox 1163 3358 1432 3422; x_wconf 86' lang='lat' dir='ltr'><strong>nomine</strong></span> <span class='ocrx_word' id='word_1_193' title='bbox 1476 3369 1753 3421; x_wconf 87' lang='lat' dir='ltr'><strong>moneta</strong></span> <span class='ocrx_word' id='word_1_194' title='bbox 1805 3356 2176 3424; x_wconf 82' lang='lat' dir='ltr'><strong>abstinuere</strong></span> <span class='ocrx_word' id='word_1_195' title='bbox 2212 3360 2310 3421; x_wconf 89' lang='lat' dir='ltr'><strong>in·</strong></span> 
     </span>
     <span class='ocr_line' id='line_1_34' title="bbox 720 3452 2313 3540; baseline -0.003 -20"><span class='ocrx_word' id='word_1_196' title='bbox 720 3461 735 3472; x_wconf 75' lang='grc'><strong>“</strong></span> <span class='ocrx_word' id='word_1_197' title='bbox 814 3469 1002 3521; x_wconf 87' lang='lat' dir='ltr'><strong>certo</strong></span> <span class='ocrx_word' id='word_1_198' title='bbox 1037 3457 1330 3540; x_wconf 81' lang='lat' dir='ltr'><strong>primum</strong></span> <span class='ocrx_word' id='word_1_199' title='bbox 1366 3452 1531 3515; x_wconf 84' lang='lat' dir='ltr'><strong>orbe</strong></span> <span class='ocrx_word' id='word_1_200' title='bbox 1575 3453 1670 3514; x_wconf 75' lang='lat' dir='ltr'><strong>de</strong></span> <span class='ocrx_word' id='word_1_201' title='bbox 1704 3453 1866 3517; x_wconf 89' lang='lat' dir='ltr'><strong>belli</strong></span> <span class='ocrx_word' id='word_1_202' title='bbox 1927 3454 2149 3517; x_wconf 85' lang='lat' dir='ltr'><strong>civilis</strong></span> <span class='ocrx_word' id='word_1_203' title='bbox 2203 3474 2313 3516; x_wconf 85' lang='lat' dir='ltr'><strong>ex·</strong></span> 
     </span>
    </p>
   </div>
   <div class='ocr_carea' id='block_1_11' title="bbox 811 3547 2314 3711">
    <p class='ocr_par' dir='ltr' id='par_1_11' title="bbox 811 3547 2314 3711">
     <span class='ocr_line' id='line_1_35' title="bbox 811 3547 2314 3708; baseline -0.003 -92"><span class='ocrx_word' id='word_1_204' title='bbox 811 3552 912 3708; x_wconf 57' lang='lat' dir='ltr'><strong>{tu</strong></span> <span class='ocrx_word' id='word_1_205' title='bbox 932 3598 951 3629; x_wconf 92' lang='lat'><strong>,</strong></span> <span class='ocrx_word' id='word_1_206' title='bbox 1003 3551 1244 3614; x_wconf 87' lang='lat' dir='ltr'><strong>deinde</strong></span> <span class='ocrx_word' id='word_1_207' title='bbox 1275 3547 1541 3626; x_wconf 81' lang='lat' dir='ltr'><strong>sublata</strong></span> <span class='ocrx_word' id='word_1_208' title='bbox 1572 3566 1694 3630; x_wconf 85' lang='lat' dir='ltr'><strong>per</strong></span> <span class='ocrx_word' id='word_1_209' title='bbox 1720 3551 1858 3631; x_wconf 88' lang='lat' dir='ltr'><strong>ejus</strong></span> <span class='ocrx_word' id='word_1_210' title='bbox 1896 3568 2127 3613; x_wconf 81' lang='lat' dir='ltr'><strong>necem</strong></span> <span class='ocrx_word' id='word_1_211' title='bbox 2161 3568 2314 3613; x_wconf 87' lang='lat' dir='ltr'><strong>cau-</strong></span> 
     </span>
     <span class='ocr_line' id='line_1_36' title="bbox 841 3666 909 3711; baseline -0.044 0"><span class='ocrx_word' id='word_1_212' title='bbox 841 3666 909 3711; x_wconf 84' lang='lat' dir='ltr'><strong>a.</strong></span> 
     </span>
    </p>
   </div>
   <div class='ocr_carea' id='block_1_12' title="bbox 912 3731 1767 3898">
    <p class='ocr_par' dir='ltr' id='par_1_12' title="bbox 912 3731 1767 3898">
     <span class='ocr_line' id='line_1_37' title="bbox 1468 3731 1754 3784; baseline 0 -42"><span class='ocrx_word' id='word_1_213' title='bbox 1468 3731 1535 3784; x_wconf 79' lang='lat'><strong>‘.·</strong></span> <span class='ocrx_word' id='word_1_214' title='bbox 1564 3737 1597 3771; x_wconf 63' lang='lat' dir='ltr'><em>n</em></span> <span class='ocrx_word' id='word_1_215' title='bbox 1751 3774 1754 3777; x_wconf 6' lang='grc' dir='ltr'><strong><em>ἡ</em></strong></span> 
     </span>
     <span class='ocr_line' id='line_1_38' title="bbox 912 3786 1767 3898; baseline 0 0"><span class='ocrx_word' id='word_1_216' title='bbox 912 3836 1153 3898; x_wconf 83' lang='lat' dir='ltr'><strong>Partes</strong></span> <span class='ocrx_word' id='word_1_217' title='bbox 1189 3787 1463 3896; x_wconf 58' lang='lat' dir='ltr'><strong>aversae</strong></span> <span class='ocrx_word' id='word_1_218' title='bbox 1507 3834 1685 3898; x_wconf 81' lang='lat' dir='ltr'><strong>sunt:</strong></span> <span class='ocrx_word' id='word_1_219' title='bbox 1733 3786 1767 3820; x_wconf 55' lang='lat' dir='ltr'><em>n</em></span> 
     </span>
    </p>
   </div>
   <div class='ocr_carea' id='block_1_13' title="bbox 2390 1078 3895 1168">
    <p class='ocr_par' dir='ltr' id='par_1_13' title="bbox 2390 1078 3895 1168">
     <span class='ocr_line' id='line_1_39' title="bbox 2390 1078 3895 1168; baseline -0.003 -23"><span class='ocrx_word' id='word_1_220' title='bbox 2390 1081 2755 1164; x_wconf 81' lang='lat' dir='ltr'><strong>Imperator</strong></span> <span class='ocrx_word' id='word_1_221' title='bbox 2785 1101 2961 1168; x_wconf 79' lang='lat' dir='ltr'><strong>eques</strong></span> <span class='ocrx_word' id='word_1_222' title='bbox 3003 1085 3194 1147; x_wconf 78' lang='lat' dir='ltr'><strong>citato</strong></span> <span class='ocrx_word' id='word_1_223' title='bbox 3224 1081 3418 1165; x_wconf 75' lang='lat' dir='ltr'><strong>cursu.</strong></span> <span class='ocrx_word' id='word_1_224' title='bbox 3492 1080 3634 1143; x_wconf 76' lang='lat' dir='ltr'><strong>AR.</strong></span> <span class='ocrx_word' id='word_1_225' title='bbox 3688 1078 3895 1165; x_wconf 79' lang='lat' dir='ltr'><strong>(Mus.</strong></span> 
     </span>
    </p>
   </div>
   <div class='ocr_carea' id='block_1_14' title="bbox 2358 1174 2957 1258">
    <p class='ocr_par' dir='ltr' id='par_1_14' title="bbox 2358 1174 2957 1258">
     <span class='ocr_line' id='line_1_40' title="bbox 2358 1174 2957 1258; baseline 0 -19"><span class='ocrx_word' id='word_1_226' title='bbox 2358 1182 2364 1189; x_wconf 84' lang='lat'>&#39;</span> <span class='ocrx_word' id='word_1_227' title='bbox 2395 1174 2579 1239; x_wconf 81' lang='lat' dir='ltr'><strong>Caes.</strong></span> <span class='ocrx_word' id='word_1_228' title='bbox 2623 1178 2918 1239; x_wconf 88' lang='lat' dir='ltr'><strong>Morelli.</strong></span> <span class='ocrx_word' id='word_1_229' title='bbox 2926 1174 2957 1258; x_wconf 95' lang='lat'><em>)</em></span> 
     </span>
    </p>
   </div>
   <div class='ocr_carea' id='block_1_15' title="bbox 2391 1361 3897 1828">
    <p class='ocr_par' dir='ltr' id='par_1_15' title="bbox 2391 1361 3897 1828">
     <span class='ocr_line' id='line_1_41' title="bbox 2395 1361 3897 1449; baseline -0.001 -22"><span class='ocrx_word' id='word_1_230' title='bbox 2395 1366 2683 1430; x_wconf 87' lang='lat' dir='ltr'>ROMA.</span> <span class='ocrx_word' id='word_1_231' title='bbox 2720 1363 2916 1431; x_wconf 80' lang='lat' dir='ltr'><strong>Roma</strong></span> <span class='ocrx_word' id='word_1_232' title='bbox 2962 1365 3224 1449; x_wconf 80' lang='lat' dir='ltr'><strong>galeata</strong></span> <span class='ocrx_word' id='word_1_233' title='bbox 3247 1366 3429 1448; x_wconf 77' lang='lat' dir='ltr'><strong>stans</strong></span> <span class='ocrx_word' id='word_1_234' title='bbox 3455 1361 3516 1426; x_wconf 76' lang='lat' dir='ltr'><strong>d.</strong></span> <span class='ocrx_word' id='word_1_235' title='bbox 3573 1363 3897 1447; x_wconf 70' lang='lat' dir='ltr'><strong>Victorio-</strong></span> 
     </span>
     <span class='ocr_line' id='line_1_42' title="bbox 2391 1456 3896 1546; baseline -0.001 -25"><span class='ocrx_word' id='word_1_236' title='bbox 2391 1460 2553 1538; x_wconf 84' lang='lat' dir='ltr'><strong>lam,</strong></span> <span class='ocrx_word' id='word_1_237' title='bbox 2585 1462 2647 1546; x_wconf 64' lang='lat' dir='ltr'><strong>J}</strong></span> <span class='ocrx_word' id='word_1_238' title='bbox 2682 1458 2934 1544; x_wconf 58' lang='lat' dir='ltr'><strong>haylam.</strong></span> <span class='ocrx_word' id='word_1_239' title='bbox 2990 1462 3133 1524; x_wconf 76' lang='lat' dir='ltr'><strong>AR.</strong></span> <span class='ocrx_word' id='word_1_240' title='bbox 3236 1456 3527 1520; x_wconf 87' lang='lat' dir='ltr'><strong>Numum</strong></span> <span class='ocrx_word' id='word_1_241' title='bbox 3554 1459 3896 1541; x_wconf 85' lang='lat' dir='ltr'><strong>depictum</strong></span> 
     </span>
     <span class='ocr_line' id='line_1_43' title="bbox 2393 1553 3894 1637; baseline -0.002 -20"><span class='ocrx_word' id='word_1_242' title='bbox 2393 1553 2548 1618; x_wconf 63' lang='lat' dir='ltr'><strong>stitit</strong></span> <span class='ocrx_word' id='word_1_243' title='bbox 2591 1555 2945 1619; x_wconf 80' lang='lat' dir='ltr'><strong>Motellius</strong></span> <span class='ocrx_word' id='word_1_244' title='bbox 2993 1554 3308 1637; x_wconf 88' lang='lat' dir='ltr'><strong>quidem,</strong></span> <span class='ocrx_word' id='word_1_245' title='bbox 3376 1572 3616 1617; x_wconf 84' lang='lat' dir='ltr'><strong>verum</strong></span> <span class='ocrx_word' id='word_1_246' title='bbox 3674 1565 3894 1615; x_wconf 85' lang='lat' dir='ltr'><strong>utrum</strong></span> 
     </span>
     <span class='ocr_line' id='line_1_44' title="bbox 2394 1649 3896 1734; baseline -0.001 -23"><span class='ocrx_word' id='word_1_247' title='bbox 2394 1670 2547 1711; x_wconf 88' lang='lat' dir='ltr'><strong>eum</strong></span> <span class='ocrx_word' id='word_1_248' title='bbox 2588 1651 2833 1712; x_wconf 89' lang='lat' dir='ltr'><strong>viderit</strong></span> <span class='ocrx_word' id='word_1_249' title='bbox 2876 1668 3186 1734; x_wconf 88' lang='lat' dir='ltr'><strong>quoque,</strong></span> <span class='ocrx_word' id='word_1_250' title='bbox 3237 1666 3318 1710; x_wconf 90' lang='lat' dir='ltr'><strong>ac</strong></span> <span class='ocrx_word' id='word_1_251' title='bbox 3356 1666 3490 1708; x_wconf 83' lang='lat' dir='ltr'><strong>non</strong></span> <span class='ocrx_word' id='word_1_252' title='bbox 3531 1649 3758 1729; x_wconf 85' lang='lat' dir='ltr'><strong>potius</strong></span> <span class='ocrx_word' id='word_1_253' title='bbox 3812 1664 3896 1709; x_wconf 74' lang='lat' dir='ltr'><strong>ex</strong></span> 
     </span>
     <span class='ocr_line' id='line_1_45' title="bbox 2392 1740 3677 1828; baseline 0 -22"><span class='ocrx_word' id='word_1_254' title='bbox 2392 1744 2689 1828; x_wconf 84' lang='lat' dir='ltr'><strong>suspecto</strong></span> <span class='ocrx_word' id='word_1_255' title='bbox 2735 1742 2926 1806; x_wconf 86' lang='lat' dir='ltr'><strong>fonte</strong></span> <span class='ocrx_word' id='word_1_256' title='bbox 2973 1742 3299 1818; x_wconf 78' lang='lat' dir='ltr'><strong>hauterit,</strong></span> <span class='ocrx_word' id='word_1_257' title='bbox 3351 1740 3677 1806; x_wconf 84' lang='lat' dir='ltr'><strong>dubitem.</strong></span> 
     </span>
    </p>
   </div>
   <div class='ocr_carea' id='block_1_16' title="bbox 2387 1884 3961 2399">
    <p class='ocr_par' dir='ltr' id='par_1_16' title="bbox 2387 1884 3961 2399">
     <span class='ocr_line' id='line_1_46' title="bbox 2952 1884 3340 1917; baseline -0.003 0"><span class='ocrx_word' id='word_1_258' title='bbox 2952 1888 2979 1917; x_wconf 57' lang='lat' dir='ltr'>fl</span> <span class='ocrx_word' id='word_1_259' title='bbox 3308 1884 3340 1916; x_wconf 60' lang='lat' dir='ltr'><strong><em>t</em></strong></span> 
     </span>
     <span class='ocr_line' id='line_1_47' title="bbox 2392 1930 3961 2021; baseline -0.002 -24"><span class='ocrx_word' id='word_1_260' title='bbox 2392 1933 2912 1997; x_wconf 87' lang='lat' dir='ltr'><strong>SECVRITAS.</strong></span> <span class='ocrx_word' id='word_1_261' title='bbox 2938 1934 3016 1996; x_wconf 86' lang='lat' dir='ltr'><strong>P.</strong></span> <span class='ocrx_word' id='word_1_262' title='bbox 3055 1934 3136 1998; x_wconf 79' lang='lat' dir='ltr'><strong>R.</strong></span> <span class='ocrx_word' id='word_1_263' title='bbox 3173 1930 3407 1997; x_wconf 71' lang='lat' dir='ltr'><strong>Mulier</strong></span> <span class='ocrx_word' id='word_1_264' title='bbox 3430 1932 3606 2021; x_wconf 77' lang='lat' dir='ltr'><strong>stans</strong></span> <span class='ocrx_word' id='word_1_265' title='bbox 3633 1930 3694 1996; x_wconf 81' lang='lat' dir='ltr'><strong>d.</strong></span> <span class='ocrx_word' id='word_1_266' title='bbox 3718 1952 3894 1996; x_wconf 80' lang='lat' dir='ltr'><strong>coro·</strong></span> <span class='ocrx_word' id='word_1_267' title='bbox 3955 1988 3961 1994; x_wconf 86' lang='lat'><strong>.</strong></span> 
     </span>
     <span class='ocr_line' id='line_1_48' title="bbox 2387 2025 3891 2118; baseline -0.003 -24"><span class='ocrx_word' id='word_1_268' title='bbox 2387 2050 2574 2107; x_wconf 78' lang='lat' dir='ltr'><strong>nam,</strong></span> <span class='ocrx_word' id='word_1_269' title='bbox 2606 2030 2668 2118; x_wconf 91' lang='lat' dir='ltr'><strong>s.</strong></span> <span class='ocrx_word' id='word_1_270' title='bbox 2720 2026 2969 2116; x_wconf 80' lang='lat' dir='ltr'><strong>hastam.</strong></span> <span class='ocrx_word' id='word_1_271' title='bbox 3025 2026 3166 2092; x_wconf 83' lang='lat' dir='ltr'><strong>AV.</strong></span> <span class='ocrx_word' id='word_1_272' title='bbox 3213 2027 3352 2090; x_wconf 80' lang='lat' dir='ltr'><strong>AR.</strong></span> <span class='ocrx_word' id='word_1_273' title='bbox 3404 2026 3608 2106; x_wconf 85' lang='lat' dir='ltr'><strong>(Mus.</strong></span> <span class='ocrx_word' id='word_1_274' title='bbox 3673 2025 3891 2107; x_wconf 78' lang='lat' dir='ltr'><strong>Caes.)</strong></span> 
     </span>
     <span class='ocr_line' id='line_1_49' title="bbox 2389 2118 3890 2205; baseline -0.002 -15"><span class='ocrx_word' id='word_1_275' title='bbox 2389 2126 2578 2191; x_wconf 85' lang='lat' dir='ltr'><strong>Alius</strong></span> <span class='ocrx_word' id='word_1_276' title='bbox 2615 2124 2959 2201; x_wconf 89' lang='lat' dir='ltr'><strong>Morellii‚</strong></span> <span class='ocrx_word' id='word_1_277' title='bbox 3008 2126 3079 2186; x_wconf 87' lang='lat' dir='ltr'><strong>in</strong></span> <span class='ocrx_word' id='word_1_278' title='bbox 3148 2139 3281 2205; x_wconf 90' lang='lat' dir='ltr'><strong>quo</strong></span> <span class='ocrx_word' id='word_1_279' title='bbox 3365 2118 3631 2204; x_wconf 82' lang='lat' dir='ltr'><strong>plenius</strong></span> <span class='ocrx_word' id='word_1_280' title='bbox 3711 2123 3890 2187; x_wconf 85' lang='lat' dir='ltr'><strong>POP..</strong></span> 
     </span>
     <span class='ocr_line' id='line_1_50' title="bbox 2393 2214 3894 2297; baseline -0.002 -16"><span class='ocrx_word' id='word_1_281' title='bbox 2393 2220 2663 2297; x_wconf 64' lang='lat' dir='ltr'>ROM„</span> <span class='ocrx_word' id='word_1_282' title='bbox 2745 2230 2809 2281; x_wconf 90' lang='lat' dir='ltr'><strong>et</strong></span> <span class='ocrx_word' id='word_1_283' title='bbox 2880 2219 3216 2283; x_wconf 85' lang='lat' dir='ltr'><strong>Securitas</strong></span> <span class='ocrx_word' id='word_1_284' title='bbox 3251 2215 3544 2292; x_wconf 71' lang='lat' dir='ltr'><strong>sedens,</strong></span> <span class='ocrx_word' id='word_1_285' title='bbox 3629 2214 3894 2279; x_wconf 77' lang='lat' dir='ltr'><strong>videtur</strong></span> 
     </span>
     <span class='ocr_line' id='line_1_51' title="bbox 2394 2316 2742 2399; baseline 0.003 -20"><span class='ocrx_word' id='word_1_286' title='bbox 2394 2316 2742 2399; x_wconf 82' lang='lat' dir='ltr'><strong>suspectus.</strong></span> 
     </span>
    </p>
   </div>
   <div class='ocr_carea' id='block_1_17' title="bbox 2389 2457 3892 2783">
    <p class='ocr_par' dir='ltr' id='par_1_17' title="bbox 2389 2457 3892 2783">
     <span class='ocr_line' id='line_1_52' title="bbox 2392 2457 3892 2586; baseline -0.004 -16"><span class='ocrx_word' id='word_1_287' title='bbox 2392 2507 2856 2570; x_wconf 76' lang='lat' dir='ltr'><strong>v1cToR1A.</strong></span> <span class='ocrx_word' id='word_1_288' title='bbox 2899 2457 3345 2571; x_wconf 64' lang='lat' dir='ltr'><strong>o³rnoN1sf</strong></span> <span class='ocrx_word' id='word_1_289' title='bbox 3383 2504 3673 2569; x_wconf 78' lang='lat' dir='ltr'><strong>Victoria</strong></span> <span class='ocrx_word' id='word_1_290' title='bbox 3694 2492 3892 2586; x_wconf 41' lang='lat' dir='ltr'><strong>stans,</strong></span> 
     </span>
     <span class='ocr_line' id='line_1_53' title="bbox 2389 2597 3890 2686; baseline -0.007 -19"><span class='ocrx_word' id='word_1_291' title='bbox 2389 2607 2487 2667; x_wconf 84' lang='lat' dir='ltr'><strong>vel</strong></span> <span class='ocrx_word' id='word_1_292' title='bbox 2516 2601 2842 2686; x_wconf 79' lang='lat' dir='ltr'><strong>gradiens,</strong></span> <span class='ocrx_word' id='word_1_293' title='bbox 2895 2604 3078 2664; x_wconf 81' lang='lat' dir='ltr'><strong>etiam</strong></span> <span class='ocrx_word' id='word_1_294' title='bbox 3227 2618 3294 2663; x_wconf 79' lang='lat' dir='ltr'><strong>er</strong></span> <span class='ocrx_word' id='word_1_295' title='bbox 3326 2597 3541 2683; x_wconf 80' lang='lat' dir='ltr'><strong>globo.</strong></span> <span class='ocrx_word' id='word_1_296' title='bbox 3595 2597 3890 2661; x_wconf 80' lang='lat' dir='ltr'><strong>av.AR.</strong></span> 
     </span>
     <span class='ocr_line' id='line_1_54' title="bbox 2392 2691 3238 2783; baseline -0.001 -24"><span class='ocrx_word' id='word_1_297' title='bbox 2392 2695 2740 2783; x_wconf 78' lang='lat' dir='ltr'><strong>(Morem,</strong></span> <span class='ocrx_word' id='word_1_298' title='bbox 2793 2695 2970 2759; x_wconf 75' lang='lat' dir='ltr'><strong>Mus.</strong></span> <span class='ocrx_word' id='word_1_299' title='bbox 3012 2695 3113 2759; x_wconf 84' lang='lat' dir='ltr'><strong>Ca</strong></span> <span class='ocrx_word' id='word_1_300' title='bbox 3183 2691 3238 2776; x_wconf 91' lang='lat'><strong>.)</strong></span> 
     </span>
    </p>
   </div>
   <div class='ocr_carea' id='block_1_18' title="bbox 2388 2842 3899 3447">
    <p class='ocr_par' dir='ltr' id='par_1_18' title="bbox 2388 2842 3899 3447">
     <span class='ocr_line' id='line_1_55' title="bbox 2951 2842 3338 2874; baseline 0.003 -1"><span class='ocrx_word' id='word_1_301' title='bbox 2951 2842 2982 2873; x_wconf 57' lang='grc' dir='ltr'>ί</span> <span class='ocrx_word' id='word_1_302' title='bbox 3307 2842 3338 2874; x_wconf 55' lang='lat' dir='ltr'><strong><em>U</em></strong></span> 
     </span>
     <span class='ocr_line' id='line_1_56' title="bbox 2487 2883 3894 2971; baseline -0.004 -21"><span class='ocrx_word' id='word_1_303' title='bbox 2487 2883 2676 2951; x_wconf 85' lang='lat' dir='ltr'><strong>Alias</strong></span> <span class='ocrx_word' id='word_1_304' title='bbox 2763 2887 2970 2948; x_wconf 81' lang='lat' dir='ltr'><strong>etiam</strong></span> <span class='ocrx_word' id='word_1_305' title='bbox 3033 2886 3325 2971; x_wconf 86' lang='lat' dir='ltr'><strong>partium</strong></span> <span class='ocrx_word' id='word_1_306' title='bbox 3378 2885 3762 2949; x_wconf 78' lang='lat' dir='ltr'><strong>aversarum</strong></span> <span class='ocrx_word' id='word_1_307' title='bbox 3801 2884 3894 2945; x_wconf 87' lang='lat' dir='ltr'><strong>in·</strong></span> 
     </span>
     <span class='ocr_line' id='line_1_57' title="bbox 2389 2975 3894 3089; baseline -0.003 -45"><span class='ocrx_word' id='word_1_308' title='bbox 2389 2979 2779 3089; x_wconf 75' lang='lat' dir='ltr'><strong>scriptiones</strong></span> <span class='ocrx_word' id='word_1_309' title='bbox 2831 2991 2940 3043; x_wconf 89' lang='lat' dir='ltr'><strong>et</strong></span> <span class='ocrx_word' id='word_1_310' title='bbox 2939 2994 3163 3066; x_wconf 82' lang='lat' dir='ltr'><strong>typos</strong></span> <span class='ocrx_word' id='word_1_311' title='bbox 3206 2975 3665 3066; x_wconf 77' lang='lat' dir='ltr'><strong>promulgavit</strong></span> <span class='ocrx_word' id='word_1_312' title='bbox 3713 2976 3894 3040; x_wconf 79' lang='lat' dir='ltr'><strong>chif-</strong></span> 
     </span>
     <span class='ocr_line' id='line_1_58' title="bbox 2388 3059 3895 3163; baseline -0.001 -24"><span class='ocrx_word' id='word_1_313' title='bbox 2388 3076 2609 3163; x_wconf 53' lang='lat' dir='ltr'><strong>{letius</strong></span> <span class='ocrx_word' id='word_1_314' title='bbox 2646 3079 2714 3138; x_wconf 88' lang='lat' dir='ltr'><strong>in</strong></span> <span class='ocrx_word' id='word_1_315' title='bbox 2751 3059 3204 3139; x_wconf 72' lang='lat' dir='ltr'><strong>dissertatione</strong></span> <span class='ocrx_word' id='word_1_316' title='bbox 3230 3123 3249 3154; x_wconf 95' lang='lat'><strong>,</strong></span> <span class='ocrx_word' id='word_1_317' title='bbox 3307 3095 3510 3159; x_wconf 89' lang='lat' dir='ltr'><strong>quam</strong></span> <span class='ocrx_word' id='word_1_318' title='bbox 3547 3093 3717 3154; x_wconf 80' lang='lat' dir='ltr'><strong>mox</strong></span> <span class='ocrx_word' id='word_1_319' title='bbox 3758 3074 3895 3138; x_wconf 60' lang='lat' dir='ltr'><strong>lau*</strong></span> 
     </span>
     <span class='ocr_line' id='line_1_59' title="bbox 2388 3167 3899 3253; baseline -0.005 -18"><span class='ocrx_word' id='word_1_320' title='bbox 2388 3172 2749 3253; x_wconf 85' lang='lat' dir='ltr'><strong>dabimus,</strong></span> <span class='ocrx_word' id='word_1_321' title='bbox 2800 3171 2909 3232; x_wconf 82' lang='lat' dir='ltr'><strong>sed</strong></span> <span class='ocrx_word' id='word_1_322' title='bbox 2948 3190 3065 3233; x_wconf 89' lang='lat' dir='ltr'><strong>eos</strong></span> <span class='ocrx_word' id='word_1_323' title='bbox 3107 3189 3346 3232; x_wconf 86' lang='lat' dir='ltr'><strong>numos</strong></span> <span class='ocrx_word' id='word_1_324' title='bbox 3396 3169 3653 3253; x_wconf 83' lang='lat' dir='ltr'><strong>spurios</strong></span> <span class='ocrx_word' id='word_1_325' title='bbox 3704 3167 3899 3253; x_wconf 80' lang='lat' dir='ltr'><strong>suspi-</strong></span> 
     </span>
     <span class='ocr_line' id='line_1_60' title="bbox 2394 3263 3899 3346; baseline -0.005 -16"><span class='ocrx_word' id='word_1_326' title='bbox 2394 3287 2550 3343; x_wconf 83' lang='lat' dir='ltr'><strong>cor,</strong></span> <span class='ocrx_word' id='word_1_327' title='bbox 2605 3279 2783 3329; x_wconf 86' lang='lat' dir='ltr'><strong>eerte</strong></span> <span class='ocrx_word' id='word_1_328' title='bbox 2857 3267 2924 3329; x_wconf 89' lang='lat' dir='ltr'><strong>in</strong></span> <span class='ocrx_word' id='word_1_329' title='bbox 2976 3263 3522 3330; x_wconf 87' lang='lat' dir='ltr'><strong>adcuratioribus</strong></span> <span class='ocrx_word' id='word_1_330' title='bbox 3571 3264 3899 3346; x_wconf 80' lang='lat' dir='ltr'><strong>catalogis</strong></span> 
     </span>
     <span class='ocr_line' id='line_1_61' title="bbox 2393 3360 3347 3447; baseline -0.002 -21"><span class='ocrx_word' id='word_1_331' title='bbox 2393 3362 2706 3447; x_wconf 85' lang='lat' dir='ltr'><strong>descripti</strong></span> <span class='ocrx_word' id='word_1_332' title='bbox 2741 3381 2876 3425; x_wconf 89' lang='lat' dir='ltr'><strong>non</strong></span> <span class='ocrx_word' id='word_1_333' title='bbox 2910 3360 3347 3445; x_wconf 84' lang='lat' dir='ltr'><strong>reperiuntur.</strong></span> 
     </span>
    </p>
   </div>
   <div class='ocr_carea' id='block_1_19' title="bbox 2396 3547 3898 3920">
    <p class='ocr_par' dir='ltr' id='par_1_19' title="bbox 2396 3547 3898 3920">
     <span class='ocr_line' id='line_1_62' title="bbox 2685 3547 3618 3618; baseline -0.004 0"><span class='ocrx_word' id='word_1_334' title='bbox 2685 3551 2788 3618; x_wconf 80' lang='lat' dir='ltr'><strong>De</strong></span> <span class='ocrx_word' id='word_1_335' title='bbox 2831 3553 3034 3615; x_wconf 76' lang='lat' dir='ltr'><strong>numis</strong></span> <span class='ocrx_word' id='word_1_336' title='bbox 3081 3555 3282 3616; x_wconf 75' lang='lat' dir='ltr'><strong>aeneis</strong></span> <span class='ocrx_word' id='word_1_337' title='bbox 3333 3547 3618 3615; x_wconf 73' lang='lat' dir='ltr'><strong>Othonis.</strong></span> 
     </span>
     <span class='ocr_line' id='line_1_63' title="bbox 2495 3643 3896 3731; baseline -0.004 -20"><span class='ocrx_word' id='word_1_338' title='bbox 2495 3647 2664 3711; x_wconf 86' lang='lat' dir='ltr'><strong>Cum</strong></span> <span class='ocrx_word' id='word_1_339' title='bbox 2699 3649 2990 3731; x_wconf 87' lang='lat' dir='ltr'><strong>primum</strong></span> <span class='ocrx_word' id='word_1_340' title='bbox 3042 3648 3297 3709; x_wconf 82' lang='lat' dir='ltr'><strong>artibus</strong></span> <span class='ocrx_word' id='word_1_341' title='bbox 3357 3643 3752 3712; x_wconf 84' lang='lat' dir='ltr'><strong>liberalibus</strong></span> <span class='ocrx_word' id='word_1_342' title='bbox 3819 3663 3896 3707; x_wconf 85' lang='lat' dir='ltr'><strong>ae</strong></span> 
     </span>
     <span class='ocr_line' id='line_1_64' title="bbox 2396 3736 3896 3828; baseline -0.003 -21"><span class='ocrx_word' id='word_1_343' title='bbox 2396 3743 2759 3828; x_wconf 85' lang='lat' dir='ltr'><strong>disciplinis</strong></span> <span class='ocrx_word' id='word_1_344' title='bbox 2797 3736 3127 3803; x_wconf 71' lang='lat' dir='ltr'><strong>restitutus</strong></span> <span class='ocrx_word' id='word_1_345' title='bbox 3163 3742 3384 3805; x_wconf 86' lang='lat' dir='ltr'><strong>honos</strong></span> <span class='ocrx_word' id='word_1_346' title='bbox 3422 3738 3532 3817; x_wconf 83' lang='lat' dir='ltr'><strong>est,</strong></span> <span class='ocrx_word' id='word_1_347' title='bbox 3584 3752 3896 3825; x_wconf 87' lang='lat' dir='ltr'><strong>coeptum</strong></span> 
     </span>
     <span class='ocr_line' id='line_1_65' title="bbox 2401 3836 3898 3920; baseline -0.003 -19"><span class='ocrx_word' id='word_1_348' title='bbox 2401 3840 2606 3901; x_wconf 87' lang='lat' dir='ltr'><strong>etiam</strong></span> <span class='ocrx_word' id='word_1_349' title='bbox 2654 3847 2902 3920; x_wconf 84' lang='lat' dir='ltr'><strong>magna</strong></span> <span class='ocrx_word' id='word_1_350' title='bbox 2951 3836 3285 3902; x_wconf 77' lang='lat' dir='ltr'><strong>aviditate</strong></span> <span class='ocrx_word' id='word_1_351' title='bbox 3320 3838 3385 3897; x_wconf 90' lang='lat' dir='ltr'><strong>in</strong></span> <span class='ocrx_word' id='word_1_352' title='bbox 3434 3855 3670 3897; x_wconf 83' lang='lat' dir='ltr'><strong>numos</strong></span> <span class='ocrx_word' id='word_1_353' title='bbox 3723 3848 3898 3898; x_wconf 80' lang='lat' dir='ltr'><strong>vete-</strong></span> 
     </span>
    </p>
   </div>
   <div class='ocr_carea' id='block_1_20' title="bbox 817 3927 3902 4017">
    <p class='ocr_par' dir='ltr' id='par_1_20' title="bbox 817 3927 3902 4017">
     <span class='ocr_line' id='line_1_66' title="bbox 817 3927 3902 4017; baseline -0 -23"><span class='ocrx_word' id='word_1_354' title='bbox 817 3932 1018 3995; x_wconf 79' lang='lat' dir='ltr'><strong>PAX.</strong></span> <span class='ocrx_word' id='word_1_355' title='bbox 1053 3927 2325 4017; x_wconf 70' lang='lat' dir='ltr'><strong>ORBIS.TERRARVM.Mutierstam</strong></span> <span class='ocrx_word' id='word_1_356' title='bbox 2399 3953 2506 3996; x_wconf 88' lang='lat' dir='ltr'><strong>res</strong></span> <span class='ocrx_word' id='word_1_357' title='bbox 2543 3933 2829 4013; x_wconf 89' lang='lat' dir='ltr'><strong>inquiri,</strong></span> <span class='ocrx_word' id='word_1_358' title='bbox 2883 3950 2966 3992; x_wconf 87' lang='lat' dir='ltr'><strong>ac</strong></span> <span class='ocrx_word' id='word_1_359' title='bbox 3014 3931 3228 3994; x_wconf 87' lang='lat' dir='ltr'><strong>divisa</strong></span> <span class='ocrx_word' id='word_1_360' title='bbox 3272 3944 3411 3993; x_wconf 87' lang='lat' dir='ltr'><strong>tum</strong></span> <span class='ocrx_word' id='word_1_361' title='bbox 3453 3932 3902 4005; x_wconf 83' lang='lat' dir='ltr'><strong>numismata,</strong></span> 
     </span>
    </p>
   </div>
   <div class='ocr_carea' id='block_1_21' title="bbox 818 4021 2324 4205">
    <p class='ocr_par' dir='ltr' id='par_1_21' title="bbox 818 4021 2324 4205">
     <span class='ocr_line' id='line_1_67' title="bbox 818 4021 2324 4205; baseline -0.003 -114"><span class='ocrx_word' id='word_1_362' title='bbox 818 4023 1195 4205; x_wconf 49' lang='lat' dir='ltr'><strong>gregium,</strong></span> <span class='ocrx_word' id='word_1_363' title='bbox 1229 4024 1289 4109; x_wconf 92' lang='lat' dir='ltr'><strong>s.</strong></span> <span class='ocrx_word' id='word_1_364' title='bbox 1331 4021 1672 4094; x_wconf 62' lang='lat' dir='ltr'><strong>caduceum.</strong></span> <span class='ocrx_word' id='word_1_365' title='bbox 1738 4029 1882 4090; x_wconf 87' lang='lat' dir='ltr'><strong>AV.</strong></span> <span class='ocrx_word' id='word_1_366' title='bbox 1915 4026 2060 4093; x_wconf 83' lang='lat' dir='ltr'><strong>AR.</strong></span> <span class='ocrx_word' id='word_1_367' title='bbox 2118 4024 2324 4110; x_wconf 83' lang='lat' dir='ltr'><strong>(Mus.</strong></span> 
     </span>
     <span class='ocr_line' id='line_1_68' title="bbox 882 4142 1277 4186; baseline -0.005 0"><span class='ocrx_word' id='word_1_368' title='bbox 882 4143 963 4186; x_wconf 88' lang='lat' dir='ltr'><strong>ae</strong></span> <span class='ocrx_word' id='word_1_369' title='bbox 1258 4142 1277 4153; x_wconf 90' lang='lat'><strong>·</strong></span> 
     </span>
    </p>
   </div>
   <div class='ocr_carea' id='block_1_22' title="bbox 1556 4216 1593 4248">
    <p class='ocr_par' dir='ltr' id='par_1_22' title="bbox 1556 4216 1593 4248">
     <span class='ocr_line' id='line_1_69' title="bbox 1556 4216 1593 4248; baseline 0 -4"><span class='ocrx_word' id='word_1_370' title='bbox 1556 4216 1593 4248; x_wconf 47' lang='grc' dir='ltr'>ξ</span> 
     </span>
    </p>
   </div>
   <div class='ocr_carea' id='block_1_23' title="bbox 2399 4024 3907 4296">
    <p class='ocr_par' dir='ltr' id='par_1_23' title="bbox 2399 4024 3907 4296">
     <span class='ocr_line' id='line_1_70' title="bbox 2399 4024 3903 4110; baseline -0.004 -18"><span class='ocrx_word' id='word_1_371' title='bbox 2399 4041 2473 4092; x_wconf 86' lang='lat' dir='ltr'><strong>ut</strong></span> <span class='ocrx_word' id='word_1_372' title='bbox 2511 4029 2720 4091; x_wconf 85' lang='lat' dir='ltr'><strong>etiam</strong></span> <span class='ocrx_word' id='word_1_373' title='bbox 2778 4044 3070 4088; x_wconf 88' lang='lat' dir='ltr'><strong>amoeno</strong></span> <span class='ocrx_word' id='word_1_374' title='bbox 3107 4025 3488 4109; x_wconf 85' lang='lat' dir='ltr'><strong>spectaculo</strong></span> <span class='ocrx_word' id='word_1_375' title='bbox 3517 4024 3903 4110; x_wconf 81' lang='lat' dir='ltr'><strong>pasceretur</strong></span> 
     </span>
     <span class='ocr_line' id='line_1_71' title="bbox 2405 4121 3904 4205; baseline -0.003 -19"><span class='ocrx_word' id='word_1_376' title='bbox 2405 4124 2684 4202; x_wconf 88' lang='lat' dir='ltr'><strong>oculus,</strong></span> <span class='ocrx_word' id='word_1_377' title='bbox 2735 4122 2803 4183; x_wconf 87' lang='lat' dir='ltr'><strong>in</strong></span> <span class='ocrx_word' id='word_1_378' title='bbox 2838 4122 3067 4185; x_wconf 74' lang='lat' dir='ltr'><strong>classes</strong></span> <span class='ocrx_word' id='word_1_379' title='bbox 3098 4123 3326 4185; x_wconf 88' lang='lat' dir='ltr'><strong>varias</strong></span> <span class='ocrx_word' id='word_1_380' title='bbox 3371 4140 3495 4205; x_wconf 90' lang='lat' dir='ltr'><strong>pro</strong></span> <span class='ocrx_word' id='word_1_381' title='bbox 3542 4121 3738 4184; x_wconf 78' lang='lat' dir='ltr'><strong>vario</strong></span> <span class='ocrx_word' id='word_1_382' title='bbox 3776 4140 3904 4184; x_wconf 88' lang='lat' dir='ltr'><strong>me</strong></span> 
     </span>
     <span class='ocr_line' id='line_1_72' title="bbox 2404 4214 3907 4296; baseline -0.002 -15"><span class='ocrx_word' id='word_1_383' title='bbox 2404 4219 2622 4294; x_wconf 78' lang='lat' dir='ltr'><strong>talla,</strong></span> <span class='ocrx_word' id='word_1_384' title='bbox 2677 4228 2744 4280; x_wconf 92' lang='lat' dir='ltr'><strong>et</strong></span> <span class='ocrx_word' id='word_1_385' title='bbox 2805 4216 3169 4281; x_wconf 87' lang='lat' dir='ltr'><strong>volumine.</strong></span> <span class='ocrx_word' id='word_1_386' title='bbox 3275 4214 3384 4278; x_wconf 82' lang='lat' dir='ltr'><strong>Ast</strong></span> <span class='ocrx_word' id='word_1_387' title='bbox 3430 4214 3705 4278; x_wconf 86' lang='lat' dir='ltr'><strong>doluere</strong></span> <span class='ocrx_word' id='word_1_388' title='bbox 3769 4219 3907 4296; x_wconf 82' lang='lat' dir='ltr'><strong>ejus</strong></span> 
     </span>
    </p>
   </div>
   <div class='ocr_carea' id='block_1_24' title="bbox 817 4307 3908 4400">
    <p class='ocr_par' dir='ltr' id='par_1_24' title="bbox 817 4307 3908 4400">
     <span class='ocr_line' id='line_1_73' title="bbox 817 4307 3908 4400; baseline 0 -28"><span class='ocrx_word' id='word_1_389' title='bbox 817 4311 1091 4374; x_wconf 88' lang='lat' dir='ltr'><strong>PONT.</strong></span> <span class='ocrx_word' id='word_1_390' title='bbox 1130 4311 1353 4374; x_wconf 85' lang='grc' dir='ltr'><strong>ΜΑΧ.</strong></span> <span class='ocrx_word' id='word_1_391' title='bbox 1388 4307 1626 4377; x_wconf 81' lang='lat' dir='ltr'><strong>Mulier</strong></span> <span class='ocrx_word' id='word_1_392' title='bbox 1651 4315 1831 4397; x_wconf 78' lang='lat' dir='ltr'><strong>flans</strong></span> <span class='ocrx_word' id='word_1_393' title='bbox 1877 4308 1934 4376; x_wconf 80' lang='lat' dir='ltr'><strong><em>d</em></strong></span> <span class='ocrx_word' id='word_1_394' title='bbox 1972 4310 2232 4394; x_wconf 74' lang='lat' dir='ltr'><strong>spicas,</strong></span> <span class='ocrx_word' id='word_1_395' title='bbox 2268 4313 2332 4400; x_wconf 89' lang='lat' dir='ltr'><strong>s.</strong></span> <span class='ocrx_word' id='word_1_396' title='bbox 2407 4313 2722 4376; x_wconf 84' lang='lat' dir='ltr'><strong>scientiae</strong></span> <span class='ocrx_word' id='word_1_397' title='bbox 2784 4309 3076 4391; x_wconf 71' lang='lat' dir='ltr'><strong>studiosi,</strong></span> <span class='ocrx_word' id='word_1_398' title='bbox 3144 4310 3515 4394; x_wconf 86' lang='lat' dir='ltr'><strong>locupletes</strong></span> <span class='ocrx_word' id='word_1_399' title='bbox 3571 4311 3759 4390; x_wconf 84' lang='lat' dir='ltr'><strong>suas,</strong></span> <span class='ocrx_word' id='word_1_400' title='bbox 3830 4328 3908 4373; x_wconf 83' lang='lat' dir='ltr'><strong>ac</strong></span> 
     </span>
    </p>
   </div>
   <div class='ocr_carea' id='block_1_25' title="bbox 893 4514 1255 4586">
    <p class='ocr_par' dir='ltr' id='par_1_25' title="bbox 893 4514 1255 4586">
     <span class='ocr_line' id='line_1_74' title="bbox 893 4514 1255 4586; baseline 0.012 -19"><span class='ocrx_word' id='word_1_401' title='bbox 893 4514 1129 4586; x_wconf 63' lang='grc' dir='ltr'><strong>ιὶῦόρ.</strong></span> <span class='ocrx_word' id='word_1_402' title='bbox 1173 4536 1255 4571; x_wconf 76' lang='lat'><strong>12.</strong></span> 
     </span>
    </p>
   </div>
   <div class='ocr_carea' id='block_1_26' title="bbox 4160 1157 4164 2731">
    <p class='ocr_par' dir='ltr' id='par_1_26' title="bbox 4160 1157 4164 2731">
     <span class='ocr_line' id='line_1_75' title="bbox 4160 1157 4164 2731; baseline 0 0"><span class='ocrx_word' id='word_1_403' title='bbox 4160 1157 4164 2731; x_wconf 95' lang='lat' dir='ltr'><strong> </strong></span> 
     </span>
    </p>
   </div>
   <div class='ocr_carea' id='block_1_27' title="bbox 4160 3118 4163 4481">
    <p class='ocr_par' dir='ltr' id='par_1_27' title="bbox 4160 3118 4163 4481">
     <span class='ocr_line' id='line_1_76' title="bbox 4160 3118 4163 4481; baseline 0 0"><span class='ocrx_word' id='word_1_404' title='bbox 4160 3118 4163 4481; x_wconf 95' lang='lat' dir='ltr'><strong> </strong></span> 
     </span>
    </p>
   </div>
   <div class='ocr_carea' id='block_1_28' title="bbox 4160 4774 4163 5397">
    <p class='ocr_par' dir='ltr' id='par_1_28' title="bbox 4160 4774 4163 5397">
     <span class='ocr_line' id='line_1_77' title="bbox 4160 4774 4163 5397; baseline 0 0"><span class='ocrx_word' id='word_1_405' title='bbox 4160 4774 4163 5397; x_wconf 95' lang='lat' dir='ltr'><strong> </strong></span> 
     </span>
    </p>
   </div>
  </div>
 </body>
</html>
