4225 5450
861 496 906 562 3
922 496 1004 542 ²⁰
2023 479 2103 554 V
2122 478 2161 553 1
2178 479 2255 554 T
2275 477 2347 554 E
2367 478 2585 555 LLI
2604 480 2682 557 V
2707 479 2788 554 S.

2440 631 2445 635 .
2695 632 2700 639 .
2724 602 2732 617 ’
4023 616 4056 647 Ὀ

867 665 1317 735 AVG‘VSTI
1352 668 1672 760 differret,
1739 672 2208 746 CAESARIS
2247 696 2375 743 non
2454 680 2808 755 maxims,
2869 674 2925 737 ii‘
2964 672 3198 760 signati
3231 692 3365 738 non
3405 674 3550 741 sunt
3591 672 3764 743 'ante
3827 682 4000 749 XV.

867 766 1182 847 reciperet.
1260 763 1324 848 ⁸)
1424 767 1688 831 Similia
1778 785 2116 836 memorat
2169 774 2372 857 etiam
2453 774 2606 837 Kal.
2645 779 2859 856 Aug„
2910 782 2984 832 ut
3020 769 3198 833 infra
3223 769 3296 832 in
3351 773 3572 837 numis
3630 772 3992 862 inscriptis

864 856 1293 924 Plutarchus.
1344 848 1411 942 ¹³)
1454 862 1573 925 'At
1617 864 1795 926 enim
1826 867 2041 933 urbem
2078 866 2377 954 ingreffns
2451 866 2721 931 PONT.
2754 866 3090 931 MAXIM.
3124 862 3541 949 probabitur.

864 962 1119 1017 coactus
1162 957 1237 1041 fi
1271 977 1320 1021 a
1356 956 1583 1041 populo
1618 959 1705 1022 ad
1738 958 2165 1047 adsumendum
2196 961 2373 1026 AV·
2547 959 2771 1045 Caput
2798 963 2867 1023 in
2922 959 3230 1029 omnibus
3284 955 3426 1022 fere
3514 963 3660 1042 ejus
3731 964 3981 1028 numia

863 1046 1163 1114 GVSTI
1199 1050 1467 1131 tittqhom.
1499 1048 1559 1131 ⁶)
1612 1052 1792 1133 Quin
1834 1056 2196 1119 inclinante
2229 1054 2367 1117 for·
2443 1050 2821 1119 laureatum
2856 1051 2966 1129 est,
3016 1071 3295 1137 perraro
3333 1054 3609 1127 nudum.
4035 1054 4047 1067 '

857 1154 1025 1204 tuna
1049 1192 1072 1227 ,
1122 1164 1272 1207 cum
1308 1145 1401 1208 ab
1431 1143 1725 1210 hostibus
1753 1152 2050 1232 undique
2093 1169 2365 1234 preme·
2540 1151 2764 1215 Patris
2790 1150 3045 1234 patriae
3094 1145 3358 1211 titulum
3436 1149 3658 1213 nullus
3727 1163 3970 1216 certus

853 1248 1077 1316 retur,
1125 1249 1184 1303 et
1224 1238 1732 1308 CAESAREM
1764 1247 1836 1333 se
1867 1246 1989 1310 dici
2031 1244 2231 1309 voluit
2281 1262 2360 1308 a-
2445 1244 2699 1307 Vitellii
2732 1264 2970 1308 numus
2991 1240 3209 1306 offert.
3306 1245 3526 1304 Vnum
3563 1263 3864 1311 aeneum
3905 1248 3971 1315 1.

834 1330 1178 1420 spmatus
1219 1345 1431 1419 antea,
1461 1336 1579 1423 sed
1615 1346 1757 1400 tunc
1784 1340 2207 1427 superstitione
2251 1358 2366 1402 no·
2441 1335 2708 1402 formae
2750 1359 2900 1403 cum
2937 1342 3075 1418 eJus
3124 1337 3467 1400 mentione
3505 1336 3656 1400 sistit
3686 1340 3970 1404 Pedru.

853 1430 1063 1494 nanis.
1114 1418 1173 1511 ¹¹)
1223 1429 1330 1492 Ex
1389 1429 1493 1492 his
1530 1428 1919 1497 testimoniis
1947 1436 2364 1519 explicatam

844 1520 1178 1609 habemus
1217 1526 1552 1588 rationem
1601 1528 2163 1613 appellationum,
2182 1546 2359 1612 quae

846 1617 920 1677 in
962 1617 1181 1679 numis
1237 1630 1356 1679 aut
1389 1618 1687 1704 semper,
1751 1636 1870 1686 aut
1914 1625 2176 1708 rarius,
2241 1634 2360 1685 aut

844 1727 1193 1792 nunquam
1230 1707 1556 1797 leguntur.
1660 1713 1973 1781 Caesaris.
1996 1737 2248 1782 nomen
2286 1718 2356 1779 in

838 1802 957 1866 his
989 1801 1205 1882 abest,
1258 1806 1370 1869 etfi
1402 1808 1570 1872 illud
1611 1810 1899 1895 denique
1937 1814 2353 1889 admitteret,

842 1917 1081 1961 verum
1105 1944 1126 1976 ,
1176 1913 1251 1962 ut
1280 1916 1603 1988 apparet,
1657 1908 1855 1969 nimis
1889 1906 2058 1971 sero.
2158 1907 2352 1992 Legi-

836 2006 948 2057 tur
985 2007 1214 2057 tamen
1247 1996 1316 2058 in
1354 1999 1572 2062 numis
1613 2001 2129 2079 Alexandrinis,
2179 2022 2353 2065 non·

842 2090 1003 2154 dum
1046 2089 1294 2169 [cilicet
1345 2093 1694 2179 perspecta
1751 2099 1889 2176 ejus
1948 2097 2356 2176 voluntate,

838 2184 983 2271 ipso
1016 2203 1184 2247 vero
1222 2180 1498 2251 Vitellio
1530 2193 1766 2277 paucis
1806 2204 2070 2256 tantum
2109 2192 2347 2256 diebus

796 2278 911 2343 ¹in·
956 2284 1272 2365 Aegypto
1331 2285 1571 2368 agnito·
1603 2289 2035 2370 imperatore.
2140 2289 2347 2369 Atqui

831 2375 879 2439 fi
922 2394 1044 2461 per
1076 2373 1465 2441 modestiam
1507 2381 1882 2443 venerabili
1933 2401 2014 2443 eo
2065 2386 2341 2447 nomine

830 2470 1184 2549 abstinuit,
1238 2473 1508 2537 unicum
1542 2473 1712 2536 istud
1753 2474 2009 2537 Viteuii
2044 2476 2297 2541 factum
2321 2524 2344 2556 ‚

832 2568 996 2631 dum
1032 2567 1101 2629 in
1127 2564 1390 2650 fastigio
1444 2567 1655 2645 stetit,
1708 2568 1910 2631 laude
1948 2569 2219 2653 dignum
2243 2575 2342 2635 vi:

830 2662 978 2726 deri
1008 2661 1235 2746 possit.
1335 2661 1509 2724 Sane
1564 2663 1801 2746 magis·
1824 2664 2009 2730 vitae
2061 2683 2338 2751 congru-

828 2757 1037 2819 ebant
1069 2755 1350 2818 nomina
1387 2757 1670 2819 ultimae
1700 2755 2024 2821 infamiae
2071 2779 2119 2822 a
2156 2762 2338 2826 dica·

828 2869 906 2912 ce
947 2848 1153 2931 vulgo
1189 2848 1446 2925 indita,
1489 2852 1802 2936 spintrias
1840 2853 1929 2915 ob
2004 2857 2335 2919 exercitas

826 2961 981 3006 cum
1024 2939 1310 3004 Tiberio
1372 2943 1461 3006 in·
1500 2944 1793 3030 Capreis-
1863 2946 2224 3033 libidines,
2275 2948 2348 3032 ‘)·-

820 3035 1193 3101 incendiarii
1227 3037 1317 3099 ob
1354 3040 1686 3103 incensum
1724 3040 2176 3126 Capitolium,
2219 3066 2337 3130 pa-

826 3133 1059 3195 tinarii
1083 3131 1174 3194 ob
1217 3135 1689 3202 conviviorum
1748 3137 2113 3215 insaniam,
2191 3153 2333 3206 tum

827 3227 1011 3309 quod
1051 3228 1353 3311 patinam
1388 3244 1800 3315 argenteam,
1824 3253 1959 3317 qua
1980 3235 2333 3330 cibiquae·

2441 1430 2603 1510 sius,
2656 1433 2766 1497 sed
2802 1434 2958 1517 qui,
3012 1444 3083 1493 ut
3122 1450 3205 1495 ex
3265 1434 3405 1513 ejus
3452 1432 3754 1518 imagine
3793 1454 3962 1500 con.

2434 1527 2640 1608 jicere
2674 1528 2831 1591 licet
2854 1573 2875 1604 ,
2923 1525 3078 1589 satis
3106 1526 3362 1613 integer
3387 1545 3526 1593 non
3560 1526 3724 1590 fuit,
3815 1530 3960 1593 Mi-

2439 1623 2656 1689 randa
2687 1621 3044 1707 Schlegelii
3073 1619 3448 1696 oscitantia,
3499 1622 3615 1704 qui
3652 1622 3730 1687 in
3769 1642 3962 1688 com-

2437 1717 2905 1781 mentario-ad
2958 1715 3384 1799 Morellium‚
3434 1717 3713 1798 ejusque
3754 1717 3960 1782 tabu-

2436 1810 2579 1874 lam·
2615 1812 2667 1874 1.
2720 1810 2977 1875 Vitellii
3012 1830 3197 1873 num.
3238 1831 3261 1871 ι
3286 1831 3310 1872 ι
3368 1828 3616 1873 revera
3650 1810 3840 1877 hunc
3875 1817 3958 1878 ti.

2433 1906 2648 1970 tulum
2687 1918 3062 1981 memorat,
3114 1905 3230 1987 qui
3266 1914 3497 1967 tamen
3527 1904 3598 1966 in
3628 1905 3777 1988 ipso
3797 1909 3958 1972 Mo.

2427 2000 2607 2080 ‚rellii
2650 2014 2896 2084 ectypo
2951 1997 3173 2075 abest,
3248 2016 3532 2089 eumque
3581 1997 3958 2083 aliquoties

2433 2095 2710 2159 subinde
2747 2095 3086 2171 obtrudit,
3138 2112 3207 2159 v,
3245 2110 3316 2156 c..
3346 2112 3416 2176 p.
3461 2111 3600 2175 237
3632 2091 3765 2158 bis.
3857 2102 3954 2165 At

2429 2209 2636 2269 vero,
2682 2191 2867 2275 quod
2895 2192 3038 2271 jam
3070 2187 3242 2249 alias
3291 2182 3606 2275 memini‘j,
3685 2190 3760 2252 in
3796 2202 3966 2256 toto-

2428 2285 2563 2349 hoc
2604 2304 2811 2369 opere
2861 2288 3001 2366 ejus
3051 2293 3619 2346 commentatores
3678 2303 3812 2367 pro
3871 2288 3955 2350 li.

2431 2379 2704 2461 bidine,
2750 2398 2921 2463 quas
2962 2376 3283 2465 volebant
3316 2377 3558 2459 capitis
3600 2377 3951 2464 inscripti-

2432 2494 2594 2539 ones
2649 2493 2897 2560 magno
2943 2474 3106 2535 artis
3151 2460 3408 2535 nostrae
3453 2471 3948 2561 incommoda,

2430 2582 2497 2633 et
2527 2570 2794 2631 errandi
2821 2566 3120 2653 periculo
3156 2584 3310 2629 cum
3340 2565 3648 2648 partibus
3689 2569 3950 2637 avertis

2430 2664 2965 2749 composuerunt.

2799 2852 3114 2917 Partes
3176 2864 3546 2941 aversae·

2422 3041 2948 3206 ΗόΝοζέξῗζ
2979 3044 3340 3201 {larva
3368 3136 3435 3200 s,
3484 3136 3562 3202 c.
3607 3140 3938 3228 Homs..

2421 3235 2709 3302 muudus
2737 3237 2921 3321 stans
2967 3233 3033 3297 d.
3083 3228 3350 3320 lissam„
3381 3235 3442 3319 s.
3489 3240 3942 3320 comcopiae,

780 3355 789 3370 ·
824 3320 1107 3385 fitissimi
1142 3323 1586 3406 parabantur,
1641 3326 1731 3389 ob
1767 3312 2159 3393 immensam
2193 3352 2328 3396 ma·
2405 3336 2609 3419 juxta
2627 3331 2810 3416 stans
2850 3328 3078 3394 Virtus
3113 3327 3310 3409 capite
3331 3329 3588 3412 galeato
3623 3329 3686 3395 d.
3718 3349 3940 3415 para&

825 3417 1241 3501 gnitudinem
1283 3418 1548 3504 clypeum
1574 3423 1902 3488 Minervae
1933 3427 2333 3509 appellavit,

828 3511 1342 3595 dedicavitque,
1416 3535 1619 3597 quam
1694 3516 1894 3580 serius
1947 3521 2334 3584 Hadrianus

825 3607 1223 3669 insaniores
1284 3609 1433 3684 usus
1495 3608 1774 3673 conflari
1863 3617 2234 3698 praecepit.
2287 3604 2332 3686 f)

828 3701 935 3764 Ab
978 3703 1209 3785 inepta
1242 3703 1440 3786 plebe
1476 3704 1761 3768 inditum
1809 3707 1870 3769 ei
1911 3712 2116 3772 etiam
2172 3710 2342 3775 Con-

827 3799 1078 3862 cordiae
1126 3816 1398 3860 nomen.
1449 3803 1509 3880 8)ι

921 3894 1027 3956 Ex
1060 3892 1165 3953 his
1189 3938 1209 3967 ‚
1263 3905 1437 3974 quae
1472 3895 1765 3958 diximus
1790 3942 1819 3973 v
1883 3896 2356 3968 indubitatum.

764 3977 771 3982 ’
827 3986 962 4067 est,
1003 4007 1159 4049 num
1184 4005 1262 4049 os
1298 3987 1592 4069 Vitellii,
1642 3991 1756 4074 qui
1801 3991 2069 4082 Augzfii
2106 3993 2340 4078 appel-

825 4084 1085 4150 latione
1135 4080 1501 4161 abstinent,
1550 4085 1829 4168 reliqui-s
1867 4100 2171 4170 tempore
2203 4087 2332 4171 pri-

824 4197 983 4242 ores
1027 4176 1178 4239 ess'e.
1279 4177 1352 4239 In
1392 4178 1637 4261 quibus
1672 4179 1730 4242 is
1772 4182 2018 4243 dicitur
2043 4180 2351 4265 pontifex·

901 4412 962 4474 a)
994 4411 1172 4466 Tacit.
1215 4412 1341 4464 Hist.
1381 4414 1456 4465 11.
1495 4417 1582 4468 62.

827 4476 934 4531 111-
969 4486 1075 4545 58..
1250 4483 1309 4547 e)
1343 4480 1492 4535 Suet.
1529 4491 1581 4542 e,
1624 4496 1693 4550 3..
1754 4489 1763 4498 ·

1626 4575 1649 4604 0

1774 4412 1839 4482 b)
1877 4415 1934 4467 in
1969 4411 2155 4464 Galba
2188 4431 2246 4485 p.
2289 4417 2441 4482 1063.
2558 4482 2570 4494 ·

1870 4479 1925 4550 f.)
1952 4480 2103 4543 Suet,
2140 4497 2186 4534 e.
2229 4499 2309 4550 ²3.-
2351 4499 2429 4549 ¹7·
2497 4478 2612 4536 Dio
2645 4481 2712 4535 L.
2748 4481 2926 4538 LXV.
2962 4496 3017 4549 3.

2422 3429 2674 3493 zeniam
2700 3471 2719 3501 ‚
2754 3424 2812 3510 s
2848 3421 3075 3511 hastam
3093 3466 3114 3498 ‚
3163 3430 3223 3484 et
3249 3422 3505 3487 dextero
3551 3426 3710 3507 pede
3756 3428 3938 3509 gale.

2424 3544 2562 3596 am,
2610 3530 2684 3586 ut
2707 3519 3331 3599 videnti-spamam.
3431 3519 3572 3587 ΛΕ.
3618 3523 3668 3582 1.
3723 3521 3934 3601 (Mus.

2425 3614 2611 3679 Caes.

2521 3613 2780 3772 Englem
2825 3706 3061 3770 aversa
3095 3703 3408 3792 obvia-est
3429 3707 3496 3769 in
3519 3710 3745 3774 numis
3773 3708 3934 3775 Gal-

2428 3803 2579 3867 bae.
2680 3803 2784 3865 Ad
2842 3821 3084 3864 numos
3134 3801 3374 3864 fimiles
3439 3817 3782 3885 provocat
3827 3806 3942 3869 Io-

2428 3898 2694 3974 bertus,
2745 3916 2897 3960 cum
2949 3898 3018 3958 in
3083 3896 3250 3958 illud
3303 3915 3653 3960 armorum
3723 3919 3935 3984 genus

2425 3991 2743 4075 in'quirit,
2794 3992 2980 4075 quod
3018 3991 3213 4074 saepe
3254 3992 3323 4053 in
3373 4005 3654 4078 moneta-
3703 4006 3942 4057 vetere

2429 4106 2474 4149 a
2507 4087 2669 4150 viris
2706 4085 3112 4148 militaribus
3146 4084 3473 4169 praeferri
3496 4106 3706 4150 manu
3745 4089 3936 4152 vide·

2425 4185 2611 4260 mus',
2663 4193 2730 4244 et
2773 4181 2862 4243 ab
2898 4180 3539 4266 antiquariis-vulgo
3582 4176 3936 4264 permadui.

2632 4415 2679 4474 c)
2724 4414 2901 4466 Tacit.
2941 4411 3068 4468 Hist.
3100 4412 3177 4466 11.
3207 4429 3310 4482 9o.·
3469 4412 3532 4481 d)
3570 4416 3759 4480 Tacit,
3798 4418 3946 4483 Hi&

3206 4483 3258 4550 g)
3296 4480 3448 4564 Suet.
3484 4498 3533 4539 c.
3575 4499 3661 4553 ιε.
