4225 5450
851 501 993 565 330
1051 592 1067 601 ,

850 667 1197 735 adfectum
1232 672 1585 756 profitetur
1617 678 1925 764 publice3
1978 664 2067 747 at*
2083 681 2260 746 hunc
2287 684 2350 746 se

853 767 1059 830 etiam
1093 765 1420 852 professus
1457 773 1546 838 est
1599 776 1972 840 securitatis
2031 780 2351 862 propriae

850 862 1084 940 causa,
1137 869 1462 947 quoniam
1514 872 1725 934 tutior
1770 871 1856 936 est
1918 874 2063 936 vita
2109 873 2351 956 princi·

758 988 765 993 -
849 959 995 1041 pis,
1049 975 1184 1039 quo
1224 961 1531 1043 pluribus
1562 966 1857 1031 subsidiis
1890 969 2141 1031 nititur.
2194 967 2349 1048 Quo

846 1053 1046 1113 nixus
1080 1050 1523 1125 fundamento
1560 1063 1757 1126 Titus
1806 1062 2071 1146 patrem
2113 1062 2351 1145 placa-

852 1146 954 1208 vit
994 1144 1389 1215 Domitiano
1428 1169 1709 1241 propter
1736 1169 1977 1245 aperta
2006 1158 2192 1219 vitae
2222 1156 2352 1218 sce-

850 1238 1048 1303 lestae
1070 1261 1466 1326 argumenta
1489 1250 1810 1329 infensum
1836 1276 1852 1315 z
1904 1271 2033 1315 non
2064 1250 2355 1334 legiones,

845 1355 970 1400 non
1012 1335 1211 1426 claffes
1237 1344 1494 1426 perinde
1505 1348 1706 1432 firma
1746 1349 1990 1432 imperii
2023 1348 2355 1412 munimen-

850 1441 921 1498 ta
940 1477 959 1510 ,
1012 1453 1197 1518 quam
1242 1458 1563 1506 κωκυ-κη»
1595 1440 1947 1509 liberorum·
2000 1448 2057 1520 ⁸)

1588 1538 1620 1571 ἥ

1409 1584 1441 1615 8
1767 1586 1800 1620 ἢ

1148 1628 1361 1694 Vtut.
1410 1632 1492 1695 B.

851 1718 1321 1785 VICTORIA.
1373 1726 1787 1793 NAVALIS.
1833 1726 1898 1789 S.
1941 1724 2017 1790 C.
2065 1727 2357 1807 Victoria

844 1827 1079 1900 prorae
1116 1823 1300 1883 navis
1332 1822 1590 1908 insfiens
1625 1824 1688 1887 d.
1751 1827 2029 1888 lauream
2046 1870 2064 1900 ,
2099 1824 2156 1910 s.
2210 1824 2351 1907 pal-

849 1931 985 1976 mae
1019 1932 1280 1981 ramum.
1362 1919 1525 1983 'AE.
1573 1923 1651 1983 11.
1706 1918 1907 2002 (Mus.
1949 1917 2179 1997 Caes.)

952 2009 1205 2071 Mirum
1238 2011 1427 2092 sane,
1478 2012 1624 2100 post
1670 2014 1890 2077 victos
1931 2012 2352 2099 Carthagini-

854 2102 1069 2181 enseS‚
1125 2107 1421 2190 piratas,
1474 2129 1711 2196 regeri,
1783 2112 1897 2191 qui
1947 2121 2056 2171 tot
2123 2110 2351 2171 trium-

850 2198 1142 2284 phorum
1220 2205 1568 2268 navalium
1613 2206 1970 2267 materiam
2024 2206 2355 2267 Romanis

849 2292 1206 2379 suffecere,
1295 2300 1518 2362 adhuc
1582 2303 1944 2363 memorari
1986 2302 2354 2363 uictoriam

732 2422 753 2433 ‘
848 2392 1164 2461 navalem
1194 2392 1286 2457 sea
1318 2407 1583 2479 aetate,
1637 2415 1773 2479 qua
1813 2397 2029 2457 omnis
2065 2416 2189 2457 ora
2209 2404 2368 2457 tna?

850 2486 1077 2549 ritima
1096 2489 1380 2575 imperio
1400 2492 1663 2583 paruit.
1766 2490 1961 2551 Hanc
1992 2502 2224 2551 tamen
2251 2492 2357 2569 ,ja-

760 2629 778 2642 .
851 2591 992 2641 ctat
1024 2603 1260 2646 numus
1293 2584 1601 2668 praesens
1631 2585 1763 2646 hoc
1811 2603 1989 2646 anno
2066 2583 2352 2668 signatus

847 2675 1137 2740 docente
1182 2679 1425 2762 capitis
1480 2677 1929 2763 inscriptione.
2048 2679 2135 2740 Et
2181 2675 2353 2742 refe·

846 2772 1129 2836 rendam
1172 2792 1324 2834 eam
1354 2773 1717 2835 victoriam
1752 2776 1839 2835 ad
1872 2775 2083 2856 ipsum
2101 2773 2353 2836 bellum

846 2862 1244 2943 Iudaicum,
1288 2884 1430 2928 non
1472 2868 1669 2929 docet
1707 2869 1916 2931 modo
1971 2888 2211 2932 numus
2251 2868 2347 2931 al·

845 2969 948 3019 ter
981 2957 1364 3044 Vespasiani
1392 2962 1634 3023 eodem
1668 2963 1800 3028 hoc
1837 2976 2014 3025 anno
2036 2963 2350 3048 signatus,

846 3053 916 3113 in
953 3057 1136 3134 cujus
1161 3054 1433 3118 aversa:
1487 3056 1851 3122 IVDAEA.
1875 3056 2179 3136 CAPTA
2199 3077 2347 3121 cum

846 3159 1016 3232 typo
1042 3171 1059 3211 z
1115 3151 1304 3214 Miles
1339 3151 1561 3215 dextro
1599 3155 1752 3236 pede
1783 3172 2016 3238 prorae
2042 3156 2227 3218 navis
2256 3156 2351 3216 in·

828 3245 1074 3332 ststens,
1130 3246 1337 3328 (Mus.
1363 3242 1588 3328 Caes.)
1638 3269 1874 3314 verum
1915 3252 2122 3329 etiam
2149 3248 2352 3311 diser-
2421 3291 2428 3296 ,

844 3353 918 3402 ta
950 3340 1216 3425 Iosephi
1241 3340 1449 3404 verba
1474 3386 1493 3418 ,
1546 3347 1698 3424 qui,
1752 3365 1902 3407 cum
1936 3344 2353 3428 triumphum

845 3433 1194 3500 Iudaicum
1250 3434 1600 3513 describit,
1668 3441 1844 3506 inter
1909 3439 2090 3515 alia,
2172 3457 2348 3522 quae

844 3543 985 3593 tum
1025 3529 1294 3614 publice
1333 3517 1832 3597 6stentabantur
1856 3581 1877 3611 ‚
1936 3534 2185 3619 secutas
2239 3537 2346 3597 eti·

844 3643 945 3689 am
980 3627 1316 3710 complures
1356 3644 1545 3690 naves
1577 3617 1949 3705 testatur.b)
1998 3626 2174 3692 Istud
2198 3646 2349 3692 cum

842 3734 1095 3784 certum
1156 3720 1268 3797 sit,
1323 3739 1607 3785 concors
1666 3723 1753 3787 est
1811 3724 2347 3805 antiquariorum

773 3873 789 3900 ‚
846 3818 1171 3880 omnium·
1204 3816 1477 3899 opinio,
1531 3818 1715 3904 nullo
1752 3815 1891 3882 alio
1928 3819 2190 3902 praelio
2229 3837 2347 3881 na-

840 3912 981 3973 vali
1020 3907 1367 3995 comperto
1401 3912 1903 3999 intelligendum
1932 3913 2130 3989 illud,
2165 3915 2348 3996 quod

840 4008 908 4070 in
952 4007 1106 4072 lacu
1174 4004 1629 4074 Gennesareth
1683 4030 1726 4073 a
1777 4007 2227 4092 Vespasiano,
2282 4019 2349 4069 et

839 4103 1000 4169 Tito
1050 4099 1462 4170 commistum
1505 4105 1768 4186 prolixe
1812 4125 1858 4167 a
1900 4102 2186 4187 Iosepho
2235 4103 2346 4164 de-

838 4197 1179 4275 scribitur,
1232 4196 1287 4279 ⁰)
1340 4216 1514 4286 quae
1554 4201 1824 4285 quidem
1859 4199 2149 4266 victoria
2177 4195 2350 4280 justa

1907 477 2876 562 VESPASIANVS.

2433 680 2566 748 fuit
2616 679 2820 747 caelis
2869 670 3137 768 aliq'uot
3167 678 3576 748 Iudaeorum
3616 682 3984 766 millibu5,.

2438 790 2506 840 et
2544 777 2693 863 plus
2725 780 3002 864 triginta
3057 777 3353 841 millibus
3393 782 3611 864 captis
3636 829 3654 858 ,
3707 796 3776 846 et
3825 804 3941 847 ve·

2432 873 2795 939 numdatis:
2897 874 3298 959 &pportune
3331 876 3422 937 ad
3458 873 3629 938 istud
3692 877 3944 941 confir·

2435 967 2757 1031 mandam
2792 972 3085 1032 occurrit
3120 988 3359 1031 numus
3402 971 3504 1040 M.
3556 968 3814 1034 Aurelii
3872 972 3944 1035 fi·

2435 1075 2674 1148 gnatus
2720 1065 2907 1148 apud
2961 1062 3239 1127 Gadara
3296 1063 3729 1149 Decapoleos
3780 1066 3938 1129 huic

2435 1157 2615 1221 lacui
2643 1159 2906 1236 vicina,
2958 1160 3027 1222 in
3058 1163 3244 1241 cujus
3276 1160 3510 1222 aversa
3548 1157 3673 1222 est:
3729 1164 3941 1225 NAT-

2435 1253 2595 1317 MA.
2647 1254 3172 1332 ΓΑΔΛΡΕΩΝ,
3242 1264 3410 1338 typo
3466 1256 3747 1319 triremis
3797 1276 3930 1319 cum

2435 1346 2649 1411 mltis
2675 1348 3146 1432 remigantibus.
3224 1347 3544 1428 (Pellerin
3585 1349 3752 1413 Mel.
3809 1350 3936 1433 11.)

2439 1442 2808 1506 Verisimile
2872 1446 3184 1519 omnino,
3252 1440 3667 1506 Gadarenses
3733 1442 3935 1508 Grae-

2437 1540 2656 1600 cosin
2699 1542 2840 1621 eJ‘us
2890 1540 3132 1622 praeli-i
3174 1539 3608 1615 memoriam,
3661 1559 3800 1620 quo
3829 1560 3937 1603 eo·

2437 1652 2590 1696 rum
2616 1634 2807 1697 lacus
2838 1630 3054 1717 'usque
3091 1654 3171 1697 eo
3205 1631 3601 1696 nobilitatus
3641 1631 3751 1708 est,
3790 1655 3937 1697 eam

2439 1727 2905 1810 NATMAzmv
2937 1731 3175 1792 annuis
3206 1728 3521 1791 ludorum
3561 1728 3932 1792 solennibus

2437 1823 2836 1901 celebrasse,
2891 1836 2957 1886 et
3021 1827 3090 1888 in
3131 1824 3350 1887 numia
3391 1823 3544 1908 ipfis
3581 1823 3878 1906 .signasl'e
3911 1871 3930 1901 ,

2433 1920 2520 1981 de
2561 1939 2696 2001 quo
2735 1921 2891 1983 vide
2949 1920 3147 2003 plura
3193 1918 3352 1981 Vol.
3413 1918 3533 1980 111.
3593 1919 3664 1980 in
3723 1920 3936 1982 numia

2433 2013 2629 2095 hujus
2664 2015 2869 2077 urbis.
2969 2016 3162 2078 Hanc
3202 2033 3245 2075 a
3285 2011 3692 2096 Vespasiano
3729 2016 3935 2077 victo·

2434 2111 2605 2171 riam
2653 2123 2916 2172 mature
2949 2155 2969 2188 ,
3020 2129 3102 2172 ac
3158 2109 3321 2171 vivo
3381 2106 3604 2170 adhc
3667 2109 3936 2173 Nerone

2427 2204 2723 2268 relatam
2764 2217 3035 2288 oportet
3052 2229 3071 2277 ;
3141 2223 3300 2265 nam
3353 2202 3554 2263 addit
3619 2202 3936 2288 Iosephus

2436 2300 2677 2383 praelii
2713 2301 2909 2379 hujus
2960 2297 3262 2382 locuples
3301 2293 3716 2375 historicus,
3742 2317 3788 2360 a
3817 2301 3938 2359 Ve-

2436 2395 2736 2479 spasiano
2769 2396 3020 2457 Neroni
3055 2400 3412 2476 captorum
3445 2393 3763 2468 iuuenum
3828 2393 3937 2454 sex

2437 2491 2655 2553 millia
2687 2491 2783 2553 ad
2828 2488 3136 2578 lstlimum
3159 2533 3179 2566 ‚
3232 2504 3429 2568 quem
3491 2484 3849 2568 perfodere
3880 2487 3933 2563 ic

2421 2584 2782 2659 sentabat,
2834 2585 3024 2645 misl'a
3057 2581 3201 2643 esse.
3304 2579 3432 2641 Hic
3467 2592 3675 2665 typus
3707 2599 3929 2643 occur·

2434 2679 2522 2741 rit
2555 2680 2758 2740 etiam
2798 2680 2865 2741 in
2903 2678 3123 2740 numis
3156 2675 3298 2740 Titi
3342 2686 3409 2736 et
3447 2674 3826 2739 Domitiani
3847 2674 3936 2758 ad

2433 2791 2684 2835 annum
2717 2776 2797 2837 V.
2831 2771 2907 2836 C.
2955 2775 3116 2844 826.

2781 2962 2867 3027 V·
2912 2957 2981 3028 C·
3014 2976 3146 3045 εξ
3188 2962 3269 3038 P·
3309 2960 3403 3026 Xe
3452 2979 3616 3045 72·.'

2441 3056 2676 3127 TR.P.
2702 3058 2848 3123 III.
2891 3057 3028 3124 IV·
3075 3057 3258 3121 COS.
3297 3055 3435 3121 IV.
3475 3056 3557 3118 P.
3598 3054 3700 3117 Μ.
3738 3054 3818 3117 Ρ.
3851 3054 3927 3118 Ρ.

2811 3153 3015 3218 ΙΜΡ.
3064 3152 3274 3217 VIII.
3313 3150 3437 3215 IX.
3469 3149 3557 3211 X.

2538 3245 2780 3334 γαμῇ
2804 3247 2989 3331 Aug.
3026 3247 3163 3312 JV.
3203 3245 3346 3310 Tm
3387 3243 3545 3331 eaqfi
3584 3243 3690 3309 11.
3723 3262 3843 3309 m.

2533 3433 2871 3502 Antiocho
2909 3433 3402 3519 Commagenes
3455 3453 3612 3518 rege
3665 3433 3751 3496 de
3805 3433 3930 3497 col-

2421 3533 2679 3597 Jufione
2710 3551 2863 3596 cum
2908 3531 3174 3595 Parthis
3209 3530 3504 3615 suspecto
3541 3528 3932 3596 Caesennius

2429 3630 2682 3690 Paetus
2724 3628 2962 3709 Syriae
3016 3625 3284 3714 praeses
3339 3622 3722 3713 Vespasiani
3776 3623 3930 3707 jussu

2437 3721 2941 3806 Commagenen
2970 3733 3263 3812 ofcupat
3291 3765 3311 3796 ,
3363 3737 3652 3800 eamque
3693 3722 3762 3782 in
3787 3737 3928 3803 pro·

2433 3817 2730 3880 vinciam
2759 3816 3038 3900 redigit.
3136 3818 3286 3878 Rex
3339 3834 3492 3881 cum
3565 3812 3721 3876 filiis
3785 3812 3932 3895 Epi·

2435 3912 2702 3996 phane,
2756 3923 2823 3974 et
2857 3910 3186 3975 Callinico
3242 3911 3534 3972 Romam
3583 3907 3769 3983 abit,
3815 3906 3931 3969 ibi·

2409 4003 2570 4089 *que
2608 4008 2789 4090 regie
2835 4008 3202 4092 excipitur.
3255 4003 3701 4081 (videhujus
3767 4002 3931 4085 regis

2440 4101 2740 4186 numOS.)
2815 4103 3116 4174 „Petilius
3174 4098 3492 4164 Cerialis.
3525 4096 3722 4160 victis
3786 4099 3931 4159 Bri.

2442 4199 2663 4260 tannis
2683 4198 2948 4282 imperii
2971 4198 3039 4259 in
3062 4194 3272 4258 insula
3290 4192 3453 4285 fines
3472 4203 3853 4277 promovet.
3871 4180 3932 4279 d)

2257 4313 2270 4324 ,
2295 4317 2298 4318 ⁷

1278 4347 1287 4352 -
1680 4333 1691 4342 '¹
2161 4342 2170 4353 ο
3917 4352 3955 4369 -

905 4434 965 4498 a)
996 4427 1180 4486 Tacit.
1220 4431 1344 4484 Hist.
1384 4435 1484 4486 lv.
1520 4453 1607 4504 52.

836 4504 936 4552 ult.
1130 4501 1183 4562 d)
1216 4503 1543 4561 Tillemont,

1842 4431 1899 4492 b)
1944 4428 2086 4487 Bell,
2129 4428 2254 4482 Iud.
2299 4433 2358 4483 L.
2399 4432 2534 4490 VII.
2569 4449 2617 4481 c.
2654 4449 2705 4497 5.
2748 4433 2776 4499 §
2811 4449 2869 4500 5.

3129 4431 3177 4494 c)
3225 4428 3363 4482 Bell.
3405 4425 3528 4485 lud.
3566 4425 3632 4477 L.
3670 4425 3777 4502 lll',
3815 4438 3930 4492 cap.
