4225 5450
796 473 943 564 ⁵¹⁶

897 643 1284 736 Procedant
1324 678 1393 731 et
1440 682 1810 731 marmora.

901 757 981 832 In
1007 766 1253 830 horum
1294 765 1519 842 nullo,
1573 766 1758 845 cujus
1803 758 2212 825 auctoritate
2232 759 2328 823 ni-

797 867 852 932 ti
885 864 1094 953 possit
1126 859 1403 926 historia
1440 862 1717 937 critica,
1769 857 2161 922 Hadrianus
2228 858 2324 919 di-

803 966 978 1028 citur
1030 962 1106 1024 Ρ.
1155 959 1231 1022 Ρ.
1288 972 1448 1024 ante
1498 958 1654 1023 trib.
1706 951 2107 1041 potestatem
2173 952 2323 1019 ΧΠ.

795 1060 955 1142 Ejus
992 1056 1447 1122 causa'videri
1493 1053 1708 1144 potest
1738 1049 1984 1136 insign'e
2019 1068 2323 1113 marmor

796 1157 1084 1245 positum
1119 1156 1188 1218 in
1220 1154 1288 1218 T
1289 1153 1371 1218 R.
1417 1154 1495 1217 Ρ.
1537 1152 1667 1230 ΙΙ.,
1721 1151 1905 1235 quod
1955 1148 2194 1234 reliqua
2218 1163 2323 1212 ve·

796 1265 934 1322 tera
969 1252 1210 1321 abolita
1245 1252 1429 1315 dicit.
1482 1249 1548 1336 ⁸)
1624 1246 1961 1313 Columna
1999 1244 2321 1309 milliaria

694 1379 699 1383 ·
793 1353 1014 1441 posita
1056 1351 1126 1415 in
1192 1349 1432 1413 eadem
1489 1347 1645 1412 trib.
1715 1342 2043 1432 potestate
2105 1342 2195 1406 11.
2252 1338 2317 1426 ι’)

792 1450 997 1517 Aliud
1038 1444 1287 1511 illustre
1328 1446 1481 1510 TR.
1506 1446 1581 1510 Ρ.
1624 1445 1748 1520 V„
1803 1443 1871 1504 in
1904 1460 2041 1525 quo
2085 1440 2315 1526 legun·

789 1559 902 1612 tur
946 1544 1215 1609 termini
1252 1541 1594 1628 pomoerii
1624 1537 1926 1602 restituti.
1979 1536 2037 1623 ⁶)
2109 1535 2317 1601 Aliud

700 1706 705 1716 ,
792 1653 1302 1707 monumentum
1367 1637 1712 1724 publicum
1780 1635 1933 1701 TR.
2003 1637 2081 1701 P.
2147 1633 2313 1713 VL,

788 1740 860 1804 in
905 1757 1042 1823 quo
1086 1736 1478 1824 Hadrianus
1518 1734 1765 1798 dicitur
1798 1733 1987 1797 viam
2051 1730 2312 1796 Suessa-

789 1838 894 1901 nis
941 1831 1396 1918 municipibus
1434 1830 1549 1895 sua
1598 1830 1890 1917 pecunia
1942 1829 2192 1894 feciss‘e.
2245 1818 2313 1914 ὅ)

787 1932 1079 2018 Elegans
1152 1928 1393 1994 tabula
1472 1945 1864 1993 marmorea
1940 1926 2313 1992 cardinalis

788 2028 1111 2115 Carpinei
1168 2045 1320 2090 cum
1372 2025 1523 2100 TR.
1594 2025 1669 2087 Ρ.
1734 2024 1820 2087 X.
1872 2020 1934 2106 θ)
2033 2022 2315 2088 Tabula

786 2142 1218 2204 marmorea,
1270 2125 1338 2188 in
1378 2142 1516 2209 qua
1566 2121 1961 2185 Hadrianus
2021 2119 2089 2183 T
2092 2120 2173 2183 R.
2235 2120 2311 2184 P.

784 2226 901 2290 xl.
967 2220 1364 2309 perhibetur
1407 2217 1742 2305 templum
1799 2220 1970 2282 deae
2041 2214 2314 2304 Cuprae

785 2317 1125 2384 restituiss'e
1198 2306 1254 2401 f)
1306 2317 1673 2381 Praetereo
1700 2315 2108 2403 ‚complures
2145 2311 2316 2399 lapi·

785 2419 907 2482 des
954 2416 1128 2480 alios
1169 2415 1582 2490 concordes;
1635 2433 1794 2478 nam
1858 2410 2120 2478 nonnifi
2168 2430 2316 2475 mo·

784 2515 1123 2579 numentis
1168 2512 1462 2602 publicis
1498 2511 1690 2577 lubet
1731 2511 2130 2575 sententiam
2175 2529 2314 2572 me·

780 2632 896 2677 am
934 2607 1247 2676 stabilire.
1754 2668 1758 2671 ⁴

882 2711 974 2773 At
994 2727 1160 2771 vero
1179 2716 1620 2770 monumenta
1639 2705 1936 2780 demum,
1953 2719 2131 2787 quae
2149 2700 2308 2765 trib.

782 2802 1181 2892 potestatem
1209 2803 1357 2864 ΧΠ.
1392 2810 1800 2874 memorant,
1821 2796 2076 2875 omnia,
2122 2797 2310 2880 quod

779 2901 1029 2976 norim,
1047 2897 1471 2962 Hadrianum
1500 2903 1749 2979 patrem
1772 2897 2028 2967 patriae
2066 2893 2306 2979 appel-

780 2996 927 3062 lare
960 2995 1331 3081 incipiunt,
1383 2996 1570 3076 cujus
1604 2990 1802 3056 causa
1842 2992 2054 3055 citare
2101 2990 2311 3055 liceat

776 3114 981 3160 unam
1000 3091 1309 3156 tabulam
1336 3109 1647 3166 aeneam,
1675 3100 1749 3152 ut
1765 3084 2310 3170 ajunt,honestae

722 3262 730 3269 ,
780 3191 1159 3266 missionis,
1208 3186 1274 3269 Β)
1329 3199 1395 3250 et
1440 3186 1873 3250 continuatur
1933 3183 2163 3248 sedulo
2196 3183 2309 3249 hic

778 3288 1013 3353 titulus
1074 3306 1197 3373 per
1257 3283 1556 3366 reliquos
1620 3283 2042 3359 tribunatus,
2113 3286 2302 3363 cujus

781 3383 1103 3470 exempla
1137 3378 1445 3469 proferre
1483 3397 1619 3441 non
1654 3380 1918 3457 attinet,
1972 3380 2301 3464 quoniam

776 3481 913 3546 hoc
955 3481 1114 3544 loco
1149 3477 1360 3542 solum
1423 3476 1686 3561 agitur,
1757 3493 1894 3560 quo
1958 3494 2141 3539 anno
2189 3475 2300 3539 hic

772 3575 1010 3642 titulus
1044 3575 1208 3640 addi
1253 3574 1578 3658 coeperit.
1696 3570 1850 3634 Non
1906 3590 2014 3634 me
2074 3569 2297 3657 fugit,

776 3693 900 3761 per
936 3670 1232 3750 Gruter-i,
1261 3678 1331 3733 et'
1365 3668 1731 3733 Muratorii
1766 3687 1938 3753 opus
1972 3688 2103 3732 non
2133 3689 2298 3755 pau-

780 3787 900 3835 cas
944 3769 1165 3855 spargi
1199 3764 1709 3852 inscriptiones,
1753 3765 1819 3828 in
1874 3766 2119 3849 quibus
2157 3766 2296 3830 Ha·

778 3867 1054 3932 drianus
1083 3869 1225 3950 jam
1265 3876 1421 3927 ante
1456 3863 1633 3927 hanc
1689 3860 1844 3926 trib.
1895 3862 2294 3948 potestatem

772 3964 926 4031 XII.
986 3963 1202 4050 patris
1271 3962 1539 4047 patriae
1602 3959 1863 4023 honore
1954 3959 2292 4025 adficitur.

774 4067 866 4128 At
899 4081 1065 4126 vero
1103 4061 1219 4147 qui
1260 4058 1385 4134 has
1433 4057 1502 4122 in
1541 4077 1828 4120 examen
1865 4075 2119 4122 vocare
2172 4078 2291 4122 vo·

767 4160 907 4240 let,
954 4156 1419 4245 deprehendet
1451 4150 1697 4233 facile,
1752 4173 1985 4218 earum
2033 4154 2292 4219 nullam

1498 4418 1566 4490 b)
1596 4419 1752 4476 Grut.
1788 4438 1921 4494 pag,
1964 4436 2079 4493 154·
2117 4425 2173 4485 6,

839 4427 899 4489 a)
937 4422 1186 4495 Gran-p.
1225 4421 1305 4482 X.

1589 4491 1634 4557 s)
1668 4490 1711 4550 l.
1750 4509 1802 4552 e.
1841 4509 1968 4565 pag.
2011 4501 2166 4553 101⁶.
2204 4512 2255 4550 a.

767 4495 821 4561 e)
857 4492 899 4553 1.
935 4510 980 4547 c.
1016 4509 1147 4565 pag.
1182 4505 1307 4562 249,
1350 4511 1396 4547 ι.

756 4572 805 4631 ι,
846 4576 907 4622 ιι.
949 4580 995 4616 ι.
1066 4572 1071 4577 ·

1946 449 2782 543 HADRIANVS.

2369 661 2377 666 ’
2410 667 2551 747 ejus
2596 663 2728 728 effe
2767 659 3225 740 auctoritatis,
3276 677 3454 746 quae
3493 658 3711 729 latam
3745 685 3790 731 a
3824 685 3940 734 me

2407 761 2623 848 legem
2665 760 2876 848 possit
2924 756 3330 845 infringere,
3399 772 3524 823 aut
3573 780 3725 827 cum
3781 765 3943 830 illu.

2408 857 2645 922 stribus
2683 858 3143 922 monumentis
3178 876 3222 919 a
3271 849 3382 918 me
3413 862 3732 941 proxime
3780 864 3946 928 lau-

2405 956 2588 1019 datis
2626 955 2987 1041 componi;
3040 966 3246 1039 atque
3278 954 3488 1017 etiam
3529 970 3600 1020 ut
3619 939 3798 1042 istus
3817 962 3942 1025 dess

2402 1071 2598 1128 mus,
2653 1051 2803 1135 quis
2846 1052 3011 1133 erit,
3073 1051 3188 1136 qui
3242 1050 3567 1137 spondere
3631 1058 3942 1139 audeat,

2403 1149 2678 1213 additas
2710 1148 3188 1234 epigrammati
3239 1159 3441 1213 notas
3495 1150 3939 1242 chronologi.

2399 1265 2517 1311 cas
2552 1246 2679 1309 rite
2715 1242 2906 1308 fuiss'e
2943 1258 3267 1332 exceptas
3296 1291 3317 1324 ,
3368 1243 3454 1310 fic
3492 1261 3565 1311 ut
3600 1269 3727 1335 pro
3773 1254 3930 1317 ΤΚ.

2396 1343 2475 1409 Ρ.
2512 1343 2663 1408 v11.
2704 1361 2840 1406 non
2875 1342 3101 1429 potius
3134 1342 3502 1429 legendum·
3540 1346 3616 1412 sit
3655 1349 3716 1411 Τ
3719 1350 3791 1412 R.
3834 1350 3928 1419 Ρ.

2394 1439 2545 1506 ΧΠ.
2589 1431 2657 1505 et
2688 1437 2888 1507 COS.
2917 1439 3038 1505 111.
3093 1460 3221 1527 pro
3261 1439 3454 1508 COS.
3494 1444 3581 1509 Π.
3609 1448 3641 1508 ¹?
3684 1444 3926 1513 Sedde

2393 1536 2590 1603 fimili
2622 1536 3055 1624 vulgatorum
3079 1558 3495 1603 marmorum
3531 1541 3936 1626 perversita-

2392 1647 2464 1700 te
2525 1635 2684 1700 vide
2736 1653 2913 1720 quae
2964 1635 3177 1700 multo
3246 1638 3448 1722 plura
3495 1639 3794 1703 monebo
3855 1644 3928 1706 in

2361 1743 2696 1824 *tractatu
2749 1733 2835 1798 de
2909 1732 3280 1798 tribunicia
3332 1733 3689 1819 potestate.
3789 1739 3928 1803 Ne·

2392 1849 2741 1918 quaquam
2795 1830 3179 1908 dissimulo,
3240 1835 3498 1918 opponi
3562 1833 3751 1918 poll'e
3801 1856 3922 1900 nu-

2389 1948 2575 1992 mum
2608 1976 2629 2007 ‚
2699 1927 2816 2016 qui
2886 1926 3275 2014 propositae
3344 1930 3620 2015 regulae
3687 1933 3918 1998 dicam

2389 2026 2729 2111 impingit,
2782 2043 2829 2088 a
2862 2024 3326 2114 Buonarrqtio
3362 2027 3662 2103 editum,
3687 2018 3750 2107 ¹²)
3803 2033 3922 2115 qui

2393 2122 2549 2185 talis
2570 2121 2696 2216 elsl'e
2729 2119 2989 2184 fertur:
3045 2121 3606 2186 HADRIANVS.
3633 2123 3920 2189 Ava-

2391 2217 2638 2284 STVS.
2693 2219 2897 2304 Caput
2915 2218 3284 2284 laureatum.
3335 2225 3394 2293 x
3443 2217 3641 2284 cos:
3689 2221 3780 2286 11.
3838 2224 3915 2287 P.

2389 2315 2467 2383 P.
2519 2314 2731 2402 Cybele
2768 2315 3107 2403 quadrigis
3141 2316 3378 2382 honum
3428 2320 3695 2386 invecta.
3798 2319 3918 2385 Sa-

2389 2414 2477 2477 tis
2523 2411 2657 2478 esto
2699 2414 3286 2494 animadvertere,
3337 2414 3595 2479 nullum
3630 2423 3918 2484 numum

2389 2510 2773 2576 consulatus
2807 2510 2897 2576 11.
2925 2511 3253 2574 hactenus
3286 2514 3628 2599 cognitum
3665 2512 3915 2580 offerre

2385 2622 2840 2674 memoratam
2891 2607 3073 2673 hanc
3127 2595 3375 2694 capitis
3447 2609 3922 2699 epigraphen,

2386 2717 2506 2770 aut
2550 2705 2758 2768 etiam
2793 2717 3025 2792 caput,
3079 2704 3281 2791 quale
3311 2706 3579 2792 pictura
3606 2708 3925 2793 exhibet,

2383 2801 2541 2879 loco
2577 2813 2974 2886 protomes,
3028 2822 3232 2888 quam
3297 2803 3434 2868 hoc
3485 2823 3668 2870 anno
3719 2805 3920 2873 fiiiss'e

2382 2896 2454 2960 in
2505 2896 2621 2960 usu
2649 2943 2670 2976 ,
2761 2897 2832 2960 in
2911 2901 3415 2986 prolegomenis
3502 2904 3598 2967 ad
3667 2922 3919 2971 numos

2382 2992 2768 3059 consulatus
2804 2994 2924 3064 111.
2955 2995 3223 3061 affatim
3252 2996 3577 3085 probavi.
3675 2999 3920 3084 Quare

2384 3092 2454 3156 in
2495 3091 2848 3177 praesente
2880 3113 3108 3160 numo·
3144 3108 3266 3158 aut
3303 3095 3664 3182 legendum
3713 3097 3914 3166 COS.

2382 3187 2548 3267 111.,
2601 3200 2724 3253 aut
2779 3189 2838 3252 is
2930 3190 3331 3256 adulterinis
3401 3193 3850 3260 accensendus
3881 3246 3914 3282 ‚

2382 3304 2671 3369 quorum
2713 3285 3011 3351 artifices
3043 3286 3394 3353 subtiliora
3424 3290 3598 3356 haec
3635 3293 3906 3359 criteria

2380 3380 2736 3468 perspecta
2782 3403 2917 3447 non
2953 3383 3277 3451 habuere.
3627 3439 3638 3457 ,
3787 3382 3796 3395 '

2479 3478 2615 3543 Sed
2670 3491 3140 3566 argumentum
3209 3501 3295 3545 ex
3349 3483 3773 3548 validissimis
3815 3502 3904 3548 u·

2380 3593 2585 3655 num,
2637 3577 2825 3663 quod
2871 3597 2958 3641 ex
3018 3577 3502 3645 Alexandrinis
3569 3580 3909 3647 Hadriani

2381 3672 2602 3735 numis
2651 3686 2858 3759 peto,
2908 3673 3041 3739 huc
3087 3672 3330 3745 distuli.
3431 3678 3596 3742 Sunt
3646 3681 3713 3742 in
3763 3699 3912 3743 mu·

2376 3767 2489 3833 seo
2538 3764 2873 3836 Caesareo
2927 3772 3113 3836 numi
3170 3772 3311 3837 duo
3369 3774 3564 3861 hujus
3621 3775 3908 3861 classis,

2375 3865 2445 3928 in
2483 3885 2773 3951 quorum
2836 3871 3108 3933 antica:
3185 3868 3392 3956 Caput
3440 3884 3502 3939 et
3563 3874 3911 3962 epigraphe

2375 3962 2739 4044 Hadriani,
2787 3965 2855 4029 in
2891 3965 3163 4030 aversa:
3215 3970 3902 4051 nATHP.nATP1·

2377 4059 2563 4127 AOC.
2606 4061 2794 4128 Duae
2821 4060 3128 4128 dexterae
3160 4065 3460 4150 junnae,-
3529 4068 3602 4133 in
3633 4068 3908 4133 -horum

2374 4175 2510 4221 uno
2554 4157 2865 4224 additur:
2918 4159 3002 4225 1..
3070 4161 3225 4242 113„
3275 4165 3346 4228 in
3392 4166 3616 4230 altero
3660 4165 3741 4231 L.
3795 4169 3904 4232 1r.

3251 4431 3311 4499 d)
3347 4434 3390 4494 l,
3428 4452 3480 4495 ο.
3516 4452 3648 4522 pag.
3689 4456 3811 4508 ¹5¹·
3843 4455 3900 4509 3.

2391 4429 2442 4497 c)
2478 4427 2517 4480 l·
2557 4446 2603 4484 ο.
2642 4446 2773 4502 pag.
2815 4441 2935 4502 198.
2978 4450 3027 4492 ι.

3257 4502 3317 4570 ln)
3358 4502 3568 4560 Oss'erv.
3601 4505 3744 4564 istor.
3779 4506 3898 4568 tab.

2426 4500 2489 4570 s)
2522 4498 2565 4564 1·
2599 4515 2653 4560 ο.
2685 4517 2819 4575 12⁸3·
2853 4515 2982 4574 ⁵73·
3015 4518 3073 4565 τ.
