4225 5450
1268 554 2328 665 PRAEF‘ATJo.

246 770 622 850 vomicae
667 764 1107 868 elegantias
1156 763 1458 840 nostras
1489 766 1905 865 inquinare
1942 763 2309 840 desinant.
2408 760 2730 839 Interim
2766 770 3080 844 noverit
3112 767 3367 845 erudi·

253 920 372 981 tus
412 906 718 995 lector,
769 903 818 977 fi
867 925 1103 1001 quem
1152 925 1481 976 numum
1517 904 1886 991 rarioriS,
1936 900 2567 981 insolentiorisve
2617 906 3059 1007 argumenti
3105 906 3187 976 in
3248 902 3373 976 his

255 1044 460 1120 meis
515 1026 1115 1115 commentariis
1154 1038 1578 1111 desiderari
1614 1028 2026 1139 intelliget,
2071 1038 2235 1133 jam
2272 1038 2403 1113 vel
2434 1039 2619 1113 ideo
2661 1065 2712 1113 a
2741 1064 2870 1115 me
2896 1043 3374 1115 condemna-

264 1194 474 1271 tum,
530 1178 724 1275 quia
766 1172 1143 1249 omissum.
1243 1173 1528 1248 Altero
1569 1175 1813 1248 modo
1857 1197 2293 1275 procurare
2359 1181 2788 1278 puritatem
2855 1174 3380 1264 adlaboravi‚
3459 1236 3474 1249 ,

265 1312 732 1390 revocando
775 1309 875 1383 ad
910 1310 1325 1382 sanitatem
1365 1314 1789 1385 numorum
1825 1325 1960 1384 aut
2018 1311 2550 1412 epigraphen,
2603 1326 2739 1386 aut
2791 1325 3171 1409 typorum
3237 1308 3377 1407 fla·

255 1463 420 1525 tum
446 1504 469 1539 ,
519 1451 603 1521 in
644 1444 928 1544 quibus
975 1444 1583 1545 promulgandis
1616 1469 1859 1545 quam
1903 1447 2253 1545 graviter
2279 1447 2517 1551 saepe
2561 1447 2665 1523 ab
2698 1448 3158 1546 antiquariis
3191 1467 3377 1545 pec·

263 1599 527 1662 catum
569 1583 844 1666 suerit,
894 1603 1404 1655 commonere
1445 1581 1746 1656 necess'e
1798 1607 1956 1657 non
1994 1582 2133 1674 est,
2187 1598 2265 1658 et
2299 1584 2450 1658 fine
2488 1583 2765 1684 quibus
2817 1583 2921 1657 ad
2958 1584 3380 1657 veritatem

256 1718 619 1795 restitutis
660 1718 831 1792 fieri
870 1740 1029 1791 non
1071 1714 1359 1816 potest,
1414 1732 1495 1791 ut
1535 1744 1665 1794 ars
1712 1722 2272 1797 numismatica
2347 1746 2486 1796 eos
2547 1722 2941 1820 rependat
3022 1719 3316 1792 fructus
3357 1772 3378 1806 ‚

272 1880 468 1956 quos
507 1854 612 1930 ab
654 1878 755 1929 ea
796 1853 899 1929 ob
953 1854 1432 1955 multiplices
1476 1855 1745 1929 causas
1790 1856 2235 1960 philologia
2291 1857 2541 1959 potest
2600 1842 3078 1956 exspectare.
3215 1852 3377 1952 Qui

282 1993 901 2066 commentarios
934 1974 1085 2064 hos
1117 1988 1650 2087 pervolverit,
1703 1996 2071 2068 continuo
2122 1995 2581 2093 perspiciet,
2630 2018 2761 2069 me
2802 1999 2884 2070 in
2934 2000 3191 2073 numis
3240 1997 3378 2071 ad-

274 2127 765 2229 probandi8‚
814 2129 1410 2204 restituendisve
1451 2123 1753 2199 summa
1817 2148 1994 2202 cum
2053 2131 2479 2257 religione,
2548 2144 2624 2203 et
2686 2132 3379 2230 circumspectione
3483 2198 3484 2203 ,

263 2260 485 2337 fuiffe
516 2248 932 2341 versatum.

462 2538 619 2616 Ad
654 2535 1016 2610 ordinem
1052 2531 1261 2632 quod
1304 2534 1618 2622 attinet,
1672 2532 2001 2624 constat,
2062 2537 2143 2608 in
2196 2533 2812 2626 conscribendis,
2888 2532 3384 2629 ordinandis<
3441 2540 3458 2547 “

272 2697 423 2779 que
454 2672 990 2777 Augustorum
1022 2672 1279 2746 numia
1322 2671 1566 2744 alium
1597 2669 1777 2744 aliis
1824 2672 2206 2770 placitum
2242 2670 2478 2768 fuisse.
2576 2672 2800 2747 Alibi
2841 2671 3051 2760 dixi,
3102 2676 3163 2778 ξ’)
3189 2693 3381 2760 xom-

270 2815 489 2886 nium
538 2807 1304 2909 praestantissimum,
1356 2810 2002 2907 utilissimumque
2045 2807 2302 2882 videri
2330 2808 2690 2882 ordinem
2711 2810 3385 2912 chronologicum,

280 2950 663 3045 attulique
700 2945 1048 3018 rationes
1086 2968 1410 3045 graveS,
1464 2969 1660 3043 quas
1691 2966 2125 3042 recoquere
2176 2945 2507 3018 otiosum
2544 2944 2770 3018 foret.
2887 2944 3173 3045 Neque
3219 2970 3384 3020 am-

276 3086 493 3187 plius
538 3072 838 3157 addath
882 3081 987 3156 ad
1018 3104 1154 3172 ea,
1210 3104 1412 3204 quae
1443 3083 1524 3152 in
1583 3079 2086 3178 praefatione
2133 3079 2234 3154 ad
2268 3080 2638 3179 praesens
2687 3105 2888 3178 opus
2946 3082 3046 3155 de
3115 3085 3390 3157 mode·

276 3219 593 3298 randis
608 3218 1199 3316 commentariis
1233 3217 1634 3316 praecepi.
1734 3207 2134 3290 Nimirum
2191 3240 2428 3315 quam
2496 3215 2878 3288 hactenus
2939 3216 3205 3319 legem
3281 3216 3390 3291 se-

284 3353 687 3457 quendam
740 3347 967 3440 duxi,
1020 3350 1282 3423 eidem
1319 3375 1450 3424 me
1496 3351 1877 3450 deinceps
1936 3375 2251 3449 quoque
2306 3348 2848 3442 inhaesurum,
2926 3352 3137 3449 quod
3199 3350 3391 3425 istud

288 3494 627 3569 eaedem
675 3488 954 3576 causae
992 3490 1362 3588 exigunt,
1415 3483 1848 3585 inspicienti
1876 3486 2205 3584 patebit.

1210 3818 2452 3867 m·-

315 4433 3414 4471 w*-

388 4521 692 4589 a)Vol.1.
730 4517 1101 4590 Proleg.gen.
1142 4517 1265 4589 ea'p
1301 4514 1520 4570 xxlv.
1724 4503 1731 4520 '
2611 4535 2654 4554 o·-

414 4597 598 4685 (Vnt.
653 4595 813 4676 VI)
942 4647 1013 4699 ,¹
1814 4691 1829 4714 δ
2839 4584 3035 4618 ”’*““’
