4225 5450
1458 574 2376 665 GERMANICVS.

1242 779 1852 855 ΓΕΡΜΑΝῙΚΟΣ.
1932 789 2176 864 gnatos
2212 741 2476 841 adserit.
2532 768 2593 858 ὅ)
2643 779 2796 842 Non
2856 774 3045 844 enim⁴
3081 783 3285 847 credo
3344 802 3456 846 ne-

532 854 547 861 „
644 781 1073 848 ΔΡΟΤΣΟΣ.

644 874 1119 941 ΚΑΙΣΑΡΕΣ.
1154 875 1388 940 ΝΕΟΙ.
1413 874 1859 940 ΘΕο1.Φ1Λ·

642 969 1069 1041 ΑΔΕΛΦΟῙ.
1105 970 1281 1034 Idem
1316 979 1519 1053 typus.

341 1067 632 1133 ΓΛῙΟΤ.
668 1065 1070 1128 Ἀ’ΣΙΝΙΟΤ.
1111 1066 1663 1130 ΠΟΛΛΙΩΝΟΣ.
1708 1065 1872 1127 AN·

345 1161 816 1227 ΘΤΠΑΤΟΤ.
861 1157 1110 1224 Corona
1138 1178 1398 1246 querna,
1428 1163 1606 1224 intra
1636 1178 1863 1246 quam.-

342 1256 705 1322 KolNo‘r.
729 1254 1030 1317 ΔΣΙΛΣ.
1132 1255 1274 1319 ΑΕ.
1313 1256 1401 1318 II.
1456 1244 1691 1330 (Ibid.)

3310 604 3440 654 211

1938 868 2105 936 celse
2148 873 2299 950 else,
2354 870 2663 957 proferre
2690 875 3004 958 exempla
3044 875 3322 940 honoris
3362 878 3457 941 di-

1938 968 2079 1030 vini
2120 966 2344 1031 adhuc
2387 966 2568 1030 vivis
2612 967 2886 1045 tributi,
2938 982 3002 1032 et
3047 971 3258 1034 multa
3293 972 3460 1047 sunt,

1946 1081 2122 1146 quae
2161 1060 2525 1146 prohibent
2582 1063 2905 1138 credere,
2978 1082 3095 1125 eos
3152 1060 3458 1129 mortuos

1945 1154 2240 1238 denique
2276 1157 2344 1218 ia
2397 1157 2614 1219 numis
2655 1162 3070 1239 conjunctos.

2045 1252 2153 1313 Ad
2206 1263 2444 1334 typum
2485 1255 2667 1334 quod
2714 1254 2995 1329 attinet,
3049 1266 3330 1340 uterque
3366 1255 3461 1319 sa·

439 1350 512 1413 ln
555 1349 659 1411 his
697 1350 915 1412 numia
965 1348 1241 1426 Drusus,
1296 1361 1364 1413 et
1415 1348 1859 1412 Germanicus
1948 1347 2040 1409 cri
2076 1346 2169 1409 sui
2217 1347 2512 1410 muneris
2547 1348 2944 1411 attributum
3006 1368 3210 1413 manu
3267 1370 3460 1434 prae-

343 1457 681 1510 vocantur
725 1446 1020 1528 primum
1078 1445 1529 1521 ΑΔΕΛΦΟΙ,
1565 1442 1857 1528 fratres,
1945 1440 2100 1503 fert.
2203 1441 2344 1504 Eos
2406 1461 2572 1505 vero
2666 1440 3001 1507 studiosius
3058 1447 3125 1508 in
3188 1458 3466 1508 moneta

236 1578 245 1591 ·
346 1541 532 1626 quod
582 1538 771 1600 fuere
832 1557 968 1601 non
1013 1552 1299 1615 natura,
1373 1539 1481 1602 sed
1548 1540 1862 1623 adoptio·
1949 1539 2435 1620 proponendos
2485 1538 2748 1601 curavit
2797 1537 2874 1601 C.
2941 1540 3198 1603 Asinius
3237 1539 3461 1602 Pollio

342 1656 471 1712 ne,
524 1635 621 1696 uti
654 1634 811 1696 satis
846 1654 963 1716 per
1017 1636 1203 1697 vices
1256 1636 1510 1697 dietum
1566 1632 1695 1711 est,
1750 1635 1862 1695 de·-
1952 1631 2345 1716 proconsul,
2402 1633 2559 1714 quia
2597 1634 2792 1715 hujus
2842 1634 3040 1717 ipsius
3094 1633 3284 1699 Drusi
3338 1633 3468 1696 fuit

340 1732 502 1794 inde
553 1729 1158 1805 ΦῙΛΛΔΕΛΦΟῙ,
1196 1729 1451 1812 fratres
1490 1729 1616 1815 sese
1649 1738 1862 1793 mutuo
1949 1726 2164 1788 frater
2212 1728 2545 1803 uterinus,
2601 1733 2942 1792 communi
2999 1731 3264 1812 utrique
3324 1749 3464 1792 ma-

342 1836 661 1900 mmes,
735 1842 950 1907 neque
1000 1820 1167 1885 istud
1227 1844 1346 1908 per
1392 1825 1859 1888 adulationem
1942 1835 2042 1884 tre
2074 1821 2399 1906 Vipsania
2462 1824 2839 1907 Agrippina
2869 1871 2888 1902 ,
2932 1827 3026 1909 gie
3088 1845 3222 1909 quo
3265 1826 3468 1903 vide,

344 1919 752 1985 Graeculam
796 1918 1339 2002 Sardianorum,
1393 1939 1437 1982 a
1469 1920 1714 2003 quibus
1741 1920 1861 1983 do·
1944 1936 2123 2001 quae
2173 1919 2241 1979 in
2323 1918 2545 1980 numis
2625 1921 2837 2002 gentis
2910 1921 3171 1987 Afiniae
3242 1922 3464 1986 docui.

345 2029 537 2081 cente
584 2032 791 2076 numo
819 2015 1039 2098 primo
1082 2013 1317 2099 signati
1366 2015 1439 2077 hi
1487 2017 1670 2079 numi
1699 2063 1718 2093 ,
1792 2026 1867 2076 ut
1943 2011 2164 2076 Fuill'e
2213 2031 2380 2075 vero
2420 2011 2900 2078 Germanicum
2954 2032 3274 2104 augurem
3312 2065 3332 2097 ,
3402 2024 3475 2081 et·

340 2112 616 2176 subinde
662 2108 907 2171 Graeci
948 2107 1415 2183 caracallam,
1488 2122 1557 2173 et
1607 2109 1853 2174 Getam
1944 2106 2291 2170 flaminem
2354 2105 2824 2191 Augustalem‚
2875 2112 3120 2177 docent
3169 2134 3467 2179 marmo-

210 2255 219 2259 -
341 2210 515 2271 inter
555 2206 614 2268 se
657 2204 1049 2268 dissidentes
1081 2205 1518 2288 appellavere
1552 2207 1851 2285 φιλαδελ-
1937 2223 2018 2265 ra
2066 2201 2376 2283 Gruteri,
2430 2204 2492 2286 θ)
2547 2216 2614 2266 et
2676 2203 2912 2287 Sponii
2944 2255 2964 2286 ‚
3018 2199 3072 2289 f)
3123 2223 3265 2271 tum
3322 2209 3390 2275 T
3395 2230 3466 2273 a·

346 2307 507 2384 φκς,
560 2300 668 2363 sed
711 2320 799 2362 ex
844 2319 1034 2365 vero.
1136 2299 1316 2362 Nam
1357 2301 1469 2363 etsi
1514 2300 1749 2377 divisa,
1788 2312 1856 2362 et
1934 2300 2126 2362 citus.
2176 2295 2240 2378 ⁸)

345 2400 595 2461 discors
632 2395 716 2457 iis
755 2414 891 2457 una
927 2394 1327 2457 viventibus*
1350 2397 1511 2458 aula
1550 2395 1703 2471 fuit,
1753 2409 1852 2458 ta·
2032 2393 2260 2456 Etiam
2299 2393 2535 2458 functo
2579 2398 2722 2460 vita
2779 2395 3187 2461 Germanico
3247 2396 3462 2463 hono·

346 2495 497 2557 citis
527 2492 785 2554 hincin
824 2490 1134 2565 Drusum,
1158 2490 1341 2553 illinc
1376 2490 1857 2555 Germanicum
1941 2510 2049 2553 res
2087 2491 2450 2553 monetarii
2493 2491 2583 2556 ab
2623 2492 2899 2556 urbibus
2943 2492 3224 2556 Graecis
3269 2492 3468 2556 habi·

347 2587 614 2671 studiis,
664 2602 894 2649 tamen
962 2585 1211 2648 fratres
1264 2590 1527 2672 egregie
1584 2606 1862 2651 concor·
1942 2587 2039 2664 ti,
2091 2594 2160 2648 et
2203 2586 2475 2670 quidem
2516 2589 2581 2651 in
2621 2590 2957 2652 consortio
2976 2592 3209 2652 uxoris
3231 2588 3464 2673 Agrip*

348 2685 505 2759 des,
558 2695 627 2746 et
711 2683 1179 2769 proximorum
1223 2684 1705 2747 certaminibus
1766 2684 1861 2746 in·
1941 2683 2206 2769 pinae,
2239 2681 2349 2745 vel
2389 2682 2509 2751 filij
2535 2683 2908 2770 Caligulae.
3014 2685 3461 2750 Visumnemss

349 2779 649 2844 concussi
689 2779 1007 2842 mansere.
1061 2777 1155 2858 ⁸)
1177 2776 1621 2845 Germanicus
1658 2783 1862 2863 item,
1941 2798 2030 2864 pe
2071 2778 2155 2841 lic
2189 2789 2466 2862 captare
2493 2779 2843 2865 Caligulae
2881 2777 3462 2856 benevolentiam,

350 2894 502 2939 cum
544 2896 588 2938 a
620 2874 911 2940 Tiberio
954 2877 1035 2936 V.
1080 2873 1154 2938 C.
1193 2890 1333 2952 770
1396 2877 1467 2937 in
1517 2877 1862 2939 Orientem
1948 2893 2152 2956 quem
2191 2873 2258 2950 in
2296 2887 2611 2956 parentes
2649 2879 2911 2961 egregie
2976 2879 3162 2961 pium
3213 2879 3464 2941 videre.

349 2973 763 3045 mitteretur,
814 2969 903 3032 ab
942 2972 1181 3032 itinere
1218 2972 1285 3030 in
1319 2971 1740 3034 Dalmatiam
1767 2972 1865 3031 di
1945 2970 2152 3031 Numi
2189 2965 2259 3029 hi
2318 2969 2549 3052 signati
2609 2974 2750 3035 sunt
2802 2975 2985 3056 apud
3046 2963 3470 3052 Mytsseneng

344 3067 577 3142 vertit,
628 3079 701 3128 ut
726 3064 1005 3129 fratrem
1040 3063 1135 3126 ibi
1168 3081 1477 3148 agentem
1518 3067 1775 3130 viseret.
1800 3053 1864 3145 b)
1946 3083 2122 3146 quae
2169 3065 2436 3148 utrique
2469 3067 2762 3130 honores
2813 3070 3083 3131 divinos
3142 3068 3464 3150 largitur,

1942 3159 2296 3222 scribendo
2356 3183 2370 3220 :
2480 3163 2751 3227 ΘΕΟΝ.
2861 3164 3466 3228 ΓΕΡΜΛΝΙΚΟΝ.

1951 3256 2220 3320 ΘΕΛΝ.
2283 3258 2821 3322 AermNAN
2857 3306 2876 3335 ,
2923 3250 2992 3341 ¹¹)
3061 3271 3206 3322 tum
3284 3259 3476 3344 apud

1948 3349 2353 3433 Smyrnam,
2406 3351 2820 3437 Magnesiam
2866 3373 2910 3418 a
2951 3354 3239 3440 Sipylo,
3277 3351 3348 3437 ς)
3403 3359 3471 3417 et

346 3163 597 3243 Neque
634 3161 884 3224 Drusus
930 3160 1195 3236 Pisoni,
1252 3166 1473 3224 necati
1528 3180 1649 3247 per
1717 3159 1861 3223 infi-

345 3259 499 3321 dias
545 3254 932 3320 Germanici
960 3275 1102 3327 reo,
1154 3274 1446 3338 aequum
1488 3256 1615 3322 lese
1654 3253 1862 3319 osten-

343 3353 467 3418 dit.
520 3355 576 3432 ⁶)
628 3354 977 3415 Vocantur
1012 3351 1301 3435 denique
1336 3352 1572 3419 NEol.
1620 3353 1860 3428 ΘΕΟῙ,

338 3452 490 3513 novi
527 3445 619 3512 dii
647 3495 665 3524 ,
719 3446 884 3510 istud
945 3449 1096 3511 sane
1136 3466 1261 3529 pro
1307 3444 1727 3512 Graecorum
1755 3468 1862 3531 ge·
1944 3446 2432 3527 Polyrhenium
2473 3445 2739 3511 Cretae.

284 3545 503 3622 nnio,
557 3545 671 3628 qui
729 3543 1100 3628 Olympum
1152 3541 1414 3606 colonis
1468 3545 1860 3629 implevere.
2046 3538 2333 3606 Coloniae
2375 3539 2779 3622 CorinthuS,
2862 3554 2930 3606 et
3018 3544 3257 3606 variae
3343 3563 3469 3630 per

340 3640 502 3702 Non
542 3642 771 3723 placet
810 3638 1106 3703 Morellii
1138 3638 1504 3718 judicium,
1558 3641 1671 3721 qui
1708 3658 1862 3723 pron
1948 3634 2344 3720 Hispaniam
2407 3637 2815 3703 Germanico
2876 3639 3282 3702 dedicavere
3348 3659 3466 3719 nu·

342 3747 503 3821 pter
536 3734 709 3798 haec
746 3736 888 3820 ipsa
928 3732 1230 3819 epitheta
1276 3746 1634 3819 utrumque
1662 3735 1730 3797 in
1755 3737 1865 3796 de·
1948 3750 2139 3806 mos,
2197 3744 2261 3794 et
2300 3730 2928 3820 Caesar-augustani,
3008 3747 3076 3797 et
3151 3733 3469 3798 Oscenses
3551 3727 3559 3736 ’

347 3850 542 3894 orum
577 3850 926 3895 numerum
1003 3827 1289 3892 relatum
1327 3874 1348 3906 ,
1399 3830 1661 3920 hosque
1740 3851 1867 3894 nu·
1951 3846 2032 3890 eo
2066 3828 2212 3909 jam
2254 3840 2525 3892 mortuo
2560 3832 2938 3916 imperante
2957 3829 3296 3917 Caligula.

347 3946 502 3993 mos
586 3923 734 4013 post
812 3948 1048 3993 eorum
1091 3944 1127 3986 e
1164 3924 1311 3988 vita
1397 3928 1731 3993 excelsum
1794 3924 1867 3988 fi·

386 4377 473 4445 'so
512 4387 649 4441 Tae.
687 4388 841 4447 Anu,
877 4387 953 4440 11.
1062 4425 1077 4440 .
1273 4384 1335 4453 b)
1374 4386 1413 4448 1.
1451 4403 1495 4441 e.
1528 4401 1618 4457 53·
1813 4381 1942 4450 ο)1.
1980 4400 2028 4444 ο.
2065 4385 2171 4438 111
2207 4394 2262 4447 8.
2453 4380 2513 4444 d)
2548 4381 2585 4434 S
2629 4383 2711 4435 eei
2713 4398 2784 4433 m·
2822 4398 2882 4452 Ρ
2924 4395 3042 4449 ¹57·
3235 4379 3288 4445 e)
3321 4396 3472 4451 pag.-

340 4457 467 4586 535:
498 4469 559 4577 g
775 4456 820 4525 f)
855 4454 1027 4511 Mis„
1073 4495 1089 4511 ,
1124 4470 1180 4525 p.
1221 4457 1341 4510 266.
1581 4455 1634 4526 g)
1670 4453 1822 4508 Arm.
1859 4452 1906 4505 1.
1946 4456 2034 4526 62.
2295 4451 2353 4518 h)
2395 4450 2835 4523 Moreli.11npp
2871 4449 3039 4502 Tom.
3078 4447 3125 4500 1.
3165 4465 3294 4522 pag.
3329 4463 3495 4520 534

2824 4591 3114 4658 Dda..
