4225 5450
1471 529 2276 616 HADRIAst.
3084 561 3092 566 ·
3263 551 3427 624 ⁸499

341 744 563 812 numia
636 739 673 804 Γ
655 750 923 827 gnatos
1001 739 1141 819 iam
1234 754 1447 819 equos
1517 736 1852 800 videmus.
1904 734 2111 800 Cum
2171 754 2307 819 quo
2361 731 2712 815 praeclare
2797 732 3134 822 conspirat
3199 759 3443 804 numus

304 839 619 923 ·Quanto
660 847 826 901 vero
863 836 1005 900 usui
1043 835 1176 898 hoc
1222 833 1362 917 ipso
1411 850 1588 900 aevo
1652 847 1853 913 eque·
1939 832 2238 914 ejusdem
2273 827 2457 893 urbis
2497 825 2795 892 Graecus
2835 850 2987 895 cum
3034 836 3260 920 capite
3311 841 3451 900 An·

318 934 467 1000 stris
548 955 631 998 ea
674 952 849 1019 gens
908 933 980 994 in
1041 930 1259 994 ‘variis
1318 927 1600 1009 Traiani
1656 925 1852 990 bellis
1936 925 2151 991 tonini
2193 926 2339 1001 Pii,
2418 925 2486 987 in
2538 929 2725 1007 cujus
2776 928 3013 991 aversa
3071 927 3162 991 est
3229 928 3450 1018 figura

314 1032 498 1098 duce
544 1028 740 1092 Lusio
788 1026 1041 1102 fuerit,
1092 1023 1397 1109 pluribus
1449 1023 1619 1089 locis
1652 1019 1844 1084 testa·
1936 1020 2107 1084 stans
2154 1020 2681 1106 gubernaculum
2742 1021 2903 1086 item
2953 1024 3286 1087 inversum
3351 1040 3448 1088 te.

327 1141 449 1191 tur
484 1126 671 1202 Dio,
724 1127 998 1207 ejusque
1051 1117 1500 1182 testimonium
1547 1117 1851 1203 perenni·
1934 1135 2138 1193 neus,
2192 1115 2435 1197 scripto
2460 1118 2697 1197 juxta.
2753 1118 3145 1197 CTOAOC,
3223 1123 3449 1212 claffis,

332 1242 416 1286 us
452 1219 731 1283 exhibet
775 1217 1091 1280 columna
1128 1213 1448 1292 Traiani,
1498 1215 1567 1280 in
1607 1233 1745 1297 qua
1788 1231 1851 1272 e·
1930 1212 2021 1274 de
2067 1230 2206 1295 quo
2247 1227 2462 1272 numo
2521 1211 2625 1296 egi
2683 1212 2989 1295 pluribus
3043 1215 3112 1277 in
3176 1229 3454 1281 moneta

180 1347 193 1351 u
332 1319 556 1401 quites
591 1313 825 1388 Mauri
863 1309 1199 1402 finguntur
1254 1306 1492 1373 effreni
1533 1308 1723 1374 cursu
1778 1307 1853 1372 in
1922 1305 2403 1371 Nicomediae.
2511 1306 2620 1369 Ex
2666 1326 2811 1419 quo
2864 1322 3187 1395 apparet,
3260 1309 3451 1373 fuiss'e
3573 1319 3582 1327 “

324 1413 564 1477 Dacos
606 1410 958 1475 irruentes.
1933 1402 2113 1467 hanc
2152 1400 2384 1465 urbem
2420 1402 2629 1466 totius
2685 1404 2828 1484 ejus
2887 1416 3142 1468 tractus
3206 1425 3450 1472 navar-

1062 1500 1093 1536 *
1238 1549 1272 1585 ¹,
1924 1499 2162 1600 nitida.

636 1597 732 1666 Vt
776 1597 870 1665 tit.
908 1599 1001 1666 Η.
2663 1592 2691 1624 ‘⁴'
2963 1603 2970 1612 '

326 1695 839 1764 ADVENTVI.
888 1692 1099 1757 AVG.
1150 1691 1576 1758 MOESIAE.
1648 1689 1714 1756 S.
1758 1690 1851 1758 ..C
2231 1690 2330 1756 Vt
2364 1689 2459 1754 lit.
2487 1617 2631 1766 H.,
2681 1707 2750 1751 m
2781 1690 2926 1753 ah'is
2952 1698 3029 1756 ut
3070 1689 3161 1756 tit.
3217 1695 3277 1758 Ῑ.

329 1794 531 1870 Ara,
586 1788 725 1856 hinc
762 1794 1111 1874 imperator
1152 1790 1376 1872 stam,
1425 1788 1585 1853 illinc
1627 1792 1860 1873 genius
1930 1785 2228 1850 NILVS.
2274 1785 2467 1852 Nilus
2495 1783 2851 1848 decmnbms
2884 1786 2943 1850 d.
3012 1792 3456 1875 cornucopiae,

327 1887 690 1975 Moesiaed.
719 1895 1041 1971 pateram,
1046 1884 1099 1963 s.
1116 1887 1417 1949 incertum
1434 1884 1604 1968 quid.
1636 1887 1787 1952 AF..
1796 1889 1857 1950 ·1.
1920 1883 1977 1968 s
2030 1880 2451 1958 arundineo»,
2505 1890 2565 1942 et
2591 1881 2777 1965 fimul
2831 1879 3107 1966 Sphingi
3158 1887 3459 1965 innixus.

326 1983 546 2073 (Mus.
596 1980 824 2061 Caes.)
1930 1999 2059 2061 pro
2099 1973 2366 2061 pedibus
2400 1975 2914 2061 hippopotamus,
2963 1977 3141 2063 infra
3190 1984 3459 2046 crocodi-

568 2076 728 2147 ·Vt
760 2074 848 2141 lit.
893 2077 983 2141 H.
1913 2073 2064 2136 ·.1us
2122 2075 2268 2136 AV.
2319 2071 3095 2155 AR.AE.1.11.(Mus.
3142 2073 3364 2158 Caes.)

329 2169 1865 2256 EXERG.MOE81ACVS.S.emper-ator
2247 2166 2601 2236 VtVtit..H.

314 2291 516 2360 ὑεςιιιι
556 2270 784 2334 milites
818 2267 1202 2353 adloquitur.
1257 2265 1817 2352 AE.1.(vaiu.)
1949 2262 2238 2325 NILVS.
2283 2262 2349 2336 S
2398 2262 2472 2328 C.
2523 2261 2716 2328 Nilus
2740 2259 3148 2346 procumben}
3192 2264 3254 2330 d.
3331 2285 3464 2330 cor-

436 2366 546 2430 De
586 2363 924 2428 Hadriani
966 2364 1039 2425 in
1078 2361 1407 2428 Mocliam
1454 2364 1697 2427 itinere
1760 2364 1861 2426 ni·
1936 2361 2276 2442 aucupia,
2324 2382 2445 2443 pro
2470 2356 2736 2447 pedibus
2795 2356 3304 2443 hippopotamus,
3369 2364 3464 2425 in·

338 2461 448 2528 hil
481 2461 845 2546 prodidere
885 2471 1170 2525 veteres.
1264 2460 1512 2537 Fuere,
1566 2462 1681 2542 qui
1705 2479 1864 2522 eum
1936 2456 2062 2542 fra
2090 2455 2475 2541 crocodilus,
2519 2454 2736 2541 plures
2759 2453 3155 2542 ρασΒὶῙσηεηι
3192 2466 3305 2523 ant
3341 2458 3468 2523 ch·-

346 2557 546 2622 Pinci
581 2552 884 2622 Moeliae
926 2555 1287 2646 superioris
1337 2558 1600 2643 oppido
1688 2556 1866 2620 cele·-
1950 2552 2330 2639 cumfistunt‘,
2383 2563 2496 2617 aut
2519 2571 2657 2637 per
2676 2570 2901 2636 corpus
2938 2547 3188 2636 upum.
3239 2553 3381 2617 ΛΕ.
3418 2558 3467 2620 Ῑ.

343 2651 571 2718 brass‘e
617 2650 819 2714 ludos
861 2672 949 2715 ex
988 2655 1127 2735 ejus
1177 2652 1377 2738 ipsius
1415 2672 1624 2716 numo
1667 2651 1868 2717 adfir-
1956 2654 2038 2715 ll.
2097 2647 2307 2733 (Mus.
2350 2647 2536 2711 Caes.
2575 2645 2816 2728 Vaill.)

336 2761 655 2828 marent,
706 2748 817 2813 sed
865 2769 1072 2860 quam
1110 2769 1237 2813 nos
1318 2749 1709 2815 sententiam
1763 2768 1875 2811 re·-
1942 2746 1975 2797 ·'
2243 2743 2338 2810 Vt
2364 2744 2460 2810 tit.
2496 2745 2586 2810 H.

340 2845 729 2915 futavimus
773 2845 979 2931 supra
1024 2847 1094 2910 in
1131 2848 1355 2911 numis
1392 2845 1674 2932 Trajani
1713 2865 1873 2932 pag.
1954 2842 2023 2908 S.
2071 2841 2148 2906 C.
2198 2838 2374 2909 Idm
2418 2844 2666 2932 aversae
2713 2851 2917 2929 typus.
2975 2845 3118 2908 ΛΕ.
3167 2846 3214 2908 1.
3268 2839 3474 2930 (Mur.

339 2944 512 3018 4⁴6·
916 3081 947 3115 ,
1094 3034 1125 3068 ¹*
1272 3085 1306 3119 ,
1943 2940 2249 3095 engi-ius
2288 3035 2583 3115 Aegypti
2615 3031 2881 3095 illustris
2903 3033 3148 3096 fluvius
3172 3082 3193 3114 ,
3243 3033 3477 3095 atHa·

654 3128 727 3196 V
721 3140 749 3194 t
787 3127 884 3192 ut.
914 3130 1005 3194 H.
1656 3137 1668 3152 ·
1961 3127 2204 3190 ariano
2227 3129 2469 3212 fimper
2493 3125 2791 3202 acerbus,
2823 3129 3068 3213 semper
3099 3127 3482 3206 honoratus,

348 3224 1016 3292 -RESTHFVTORL
1046 3220 1657 3288 NICOMEDIAE.
1684 3223 1884 3310 Impe-
1970 3223 2085 3306 qui
2140 3221 2419 3284 charum
2457 3219 2574 3283 fibi
2609 3222 2976 3285 Antinoum
3017 3222 3143 3285 sele
3183 3241 3312 3302 pro
3355 3223 3485 3286 im·

350 3331 551 3390 rator
594 3329 856 3406 togatus
886 3319 1195 3385 mulierem
1218 3338 1387 3405 genu
1402 3319 1779 3404 flectentem,
1832 3329 1892 3384 ct
1970 3317 2309 3406 perator-is
2346 3316 2571 3403 capite
2610 3316 3062 3381 devoventem
3121 3317 3443 3381 merserat
3464 3364 3485 3394 ‚

351 3419 418 3507 s.
451 3415 947 3504 gubernaculum
994 3418 1297 3505 inversum
1355 3425 1652 3483 tenentem
1689 3412 1889 3504 suble-
1977 3414 2164 3499 quod
2203 3411 2385 3475 insta
2420 3414 2488 3475 in
2522 3414 2660 3491 ejus
2706 3411 2938 3477 arnalii
2979 3425 3257 3477 moneta
3300 3414 3507 3497 copi·,

369 3524 512 3582 vat.
564 3515 707 3580 ΑΕ.
750 3519 800 3578 1.
857 3511 1061 3598 (Mus.
1097 3509 1321 3594 Caes.)
1978 3507 2152 3573 ofius
2195 3507 2574 3593 persequar.
2677 3508 3029 3572 Habemus
3065 3511 3133 3572 in
3170 3509 3490 3595 eleganti·

470 3611 627 3672 Huc
658 3597 1023 3693 pertinent,
1073 3627 1251 3691 quae
1290 3608 1493 3696 supra
1534 3607 1624 3671 ad
1656 3606 1895 3690 Bithy·
1980 3605 2106 3670 bus
2151 3604 2258 3666 his
2291 3605 2511 3669 numis
2553 3601 2782 3666 Nilum
2815 3623 2967 3667 cum
3014 3605 3325 3670 omnibus
3361 3603 3495 3667 ruis

371 3706 587 3778 niam,
640 3704 828 3782 cujus
869 3702 1278 3767 Nicomedia
1309 3701 1713 3787 metropolis
1741 3699 1897 3780 fuit,
1982 3697 2358 3778 attributis,
2416 3699 2780 3784 arundine,
2846 3699 3183 3786 Sphinge,
3260 3718 3494 3765 croco·

386 3797 692 3874 diss'erui,
746 3814 882 3877 quo
929 3795 1091 3860 loco
1153 3816 1239 3861 ea
1288 3800 1493 3864 etiam
1568 3795 1902 3861 beneficia
1987 3794 2168 3873 dilo,
2218 3794 2768 3883 hippopotamo,
2818 3796 3118 3881 puellis,
3190 3795 3324 3861 five
3376 3816 3497 3860 cu·
3579 3792 3604 3813 ⁰

381 3890 960 3969 commemoravi,
1014 3910 1189 3975 quae
1225 3895 1551 3980 privatim
1590 3893 1659 3954 in
1700 3894 1902 3955 Nico·
1986 3890 2194 3967 bitis,
2246 3891 2330 3954 de
2380 3891 2622 3978 quibus
2662 3889 2929 3977 [iugulis
2958 3890 3099 3957 late
3143 3895 3399 3980 egimus
3428 3893 3499 3973 in

362 3990 681 4059 -mediarn
717 3987 1113 4051 Hadrianus
1146 3990 1455 4053 contulit.
1556 3985 1902 4051 Guberna·
1987 3985 2510 4081 Prolegomenis
2556 3987 2645 4049 ad
2694 4006 2938 4053 numos
3000 3966 3502 4054 Alexandrinos

377 4089 609 4155 culum
657 4103 866 4148 manu
896 4094 1083 4146 tenet
1119 4085 1400 4171 perinde
1439 4095 1646 4169 atque
1692 4084 1761 4146 in
1795 4083 1903 4145 Bi·
1988 4081 2148 4148 Vol.
2187 4082 2305 4148 lv.
2346 4104 2417 4167 p.
2459 4084 2617 4165 3⁶·‚
2666 4081 2737 4144 in
2776 4083 3020 4168 quibus
3057 4084 3502 4179 perfrequens

366 4183 684 4270 -thynia
665 4201 732 4245 ιιι
765 4198 973 4244 numo
1015 4179 1214 4266 supra
1251 4174 1562 4244 laudat'o.
1686 4177 1907 4245 Causa
1991 4174 2080 4241 est
2109 4177 2252 4242 Nili
2292 4172 2536 4244 eodeni
2575 4179 2786 4244 modo
2825 4180 3287 4249 decumbentis
3329 4180 3498 4245 ima-

368 4278 494 4357 οὓ,
550 4278 746 4362 quod
786 4286 1171 4360 opportuno
1204 4289 1407 4363 portu
1439 4272 1755 4339 instructa
1785 4293 1903 4337 na·
1978 4292 2090 4361 go.

351 4392 480 4440 ves
546 4393 681 4438 non
723 4373 937 4435 modo
990 4371 1060 4436 in
1117 4372 1552 4450 commercii,
1644 4370 1820 4437 saed
2549 4419 2581 4453 ,,
2733 4369 2766 4404 *

352 4469 541 4534 belli
583 4468 777 4533 usum
818 4467 1233 4535 servituras
1214 4488 1285 4533 ιιι
1313 4478 1463 4534 tuto
1508 4467 1901 4535 collocavit.
2227 4464 2388 4534 Vi
2429 4465 2523 4534 ht.
2555 4467 2653 4532 H.
2786 4563 2851 4628 R

788 4574 805 4589 ⁶
2901 4583 2936 4629 ι·
2984 4584 3022 4628 ι·
3068 4580 3114 4630 ¹2

2907 4416 2943 4455 ὑ
