4225 5450
1641 528 1717 608 Ο
1743 528 1823 609 Τ
1844 524 2069 627 ΗΟ..

309 726 663 796 continuas
705 725 942 811 series,
992 722 1270 799 cunsad
1309 751 1560 798 aeneos
1599 730 1813 794 Otho·

304 829 411 890 nis
431 841 825 912 perventum
857 828 967 907 est,
1018 842 1281 916 turpem
1318 828 1580 895 hiatum
1605 824 1810 890 osten-

264 922 271 929 “
303 935 480 985 tare.
580 923 752 986 Eam
791 926 1096 1009 inopiam
1137 924 1325 988 suum
1378 923 1669 985 dedecus
1709 939 1812 982 ar-

299 1016 534 1080 bitrati
568 1034 815 1103 magna
860 1021 1189 1103 pecuniae
1249 1019 1320 1082 vi
1357 1016 1595 1081 oblata
1641 1014 1812 1077 redi·

298 1129 481 1175 mere
533 1112 671 1190 ejus
731 1116 991 1198 generis
1028 1115 1369 1177 cimelium
1430 1110 1811 1195 parabant·

298 1205 645 1291 visumque
690 1220 857 1271 tum
911 1229 1197 1274 aeneum
1266 1208 1556 1271 Othonis
1609 1215 1814 1289 caput

301 1303 555 1385 ingenti
605 1304 862 1386 pretio,
914 1324 998 1367 ac
1044 1281 1370 1389 praemiis
1442 1299 1810 1363 addictum.

307 1398 393 1459 Et
426 1405 661 1474 etant,
716 1400 828 1480 qui
874 1396 1040 1462 stare
1084 1396 1428 1485 promissis
1457 1407 1809 1480 poterant;

305 1511 465 1556 nam
504 1510 640 1555 non
680 1493 810 1556 viri
840 1496 1051 1558 modo
1080 1494 1382 1570 -literati,
1434 1510 1670 1555 verum
1693 1491 1810 1552 eti-

302 1607 416 1651 am
451 1587 791 1671 principes
830 1589 1119 1653 Othonis
1164 1586 1359 1652 aenei
1397 1584 1811 1671 adipiscendi

296 1701 547 1766 magno
587 1679 970 1768 flagrabant
1008 1681 1373 1760 desiderio,
1425 1701 1595 1766 qnos
1634 1682 1810 1745 inter

296 1776 665 1841 nominaffe
729 1777 1060 1843 suffecerit
1113 1778 1616 1842 Ferdinandum
1678 1776 1802 1838 111.

300 1880 468 1968 Aug:
486 1920 507 1954 ‚
560 1872 753 1955 eique
801 1893 1134 1938 coaevum
1160 1872 1597 1957 Leopoldum
1644 1870 1804 1935 Gui-

291 1956 596 2031 lielmum
622 1968 1081 2045 archiducem,
1133 1980 1201 2031 et
1223 1965 1621 2031 christinam
1647 1966 1803 2029 Sue-

300 2082 535 2126 corum
595 2067 917 2146 reginam.
1030 2063 1247 2127 Illecti
1310 2074 1453 2125 tam
1511 2061 1805 2125 liberali·

298 2159 428 2219 bus
485 2159 824 2240 promissis
871 2158 1263 2244 impostores
1324 2174 1460 2221 non
1530 2155 1806 2221 defuere

295 2252 401 2313 rei
432 2250 584 2312 suae
609 2296 629 2324 ,
681 2266 748 2315 et
784 2274 926 2336 qua
963 2253 1315 2339 pollebant
1354 2254 1423 2315 in
1458 2253 1806 2315 imitandis

294 2346 525 2411 numi‘s
573 2347 915 2413 veteribus
972 2350 1421 2426 dexteritate,
1490 2347 1807 2432 exempla

296 2461 432 2504 non
472 2459 697 2525 pauca
734 2443 827 2505 fui
869 2445 1131 2528 operis,
1198 2445 1384 2507 velut
1447 2463 1534 2506 ex
1582 2454 1805 2505 terrae

297 2535 663 2600 visceribus
705 2551 940 2618 eruta,
996 2557 1238 2602 venum
1278 2540 1581 2603 obtulere
1613 2585 1634 2617 ,
1706 2549 1803 2601 at·

300 2652 445 2716 que
469 2645 540 2695 ut
588 2634 833 2696 certius
867 2625 1195 2698 'fallerent
1234 2636 1541 2699 incautos
1567 2681 1589 2713 ,
1643 2650 1679 2695 e
1733 2653 1804 2696 re

298 2727 552 2806 virum,
619 2730 978 2814 genuinum
1056 2732 1332 2794 alterius
1408 2729 1803 2817 imperantis

300 2836 511 2908 caput
534 2826 605 2888 in
621 2825 913 2890 Othonis
931 2846 1032 2906 os,
1053 2845 1136 2888 ac
1174 2827 1430 2891 vultum
1454 2826 1670 2902 =Subtili
1699 2844 1803 2888 ar·

298 2916 512 2981 tificio
550 2919 1055 2986 transformare.
1147 2923 1210 2983 F
1214 2924 1313 2985 uit
1360 2919 1802 3008 ignominiosa

298 3012 473 3076 haec
556 3033 665 3077 ars
716 3016 1021 3080 Othones
1073 3036 1313 3082 aereos
1395 3016 1801 3080 obtrudendi

290 3110 432 3190 jam
468 3107 583 3173 rub
629 3109 779 3196 iplis
818 3115 914 3175 rei
971 3113 1488 3175 numismaticae
1526 3113 1801 3175 incuna-

294 3202 478 3268 bulis
492 3205 799 3272 *exercita
822 3253 842 3284 ,
895 3219 961 3271 et
992 3206 1226 3270 fatalis
1260 3207 1341 3271 iis
1362 3255 1381 3286 ,
1434 3208 1551 3289 qui
1584 3207 1687 3270 his
1710 3208 1800 3270 ci·

294 3297 520 3361 meliis
551 3301 1090 3384 delectabantur.
1206 3302 1468 3366 Etenim
1534 3307 1799 3366 Aeneae

298 3394 505 3457 Vicus
537 3396 931 3474 Parmensi&
956 3399 1281 3463 Antonius
1322 3397 1472 3460 Piso
1499 3395 1594 3481 (le
1613 3398 1800 3474 Pois)

301 3486 583 3572 Gallus,
656 3494 986 3556 Antonius
1073 3491 1467 3577 Augustinus
1540 3491 1804 3577 praesul

299 3584 862 3664 Tarraconensia,
914 3589 1028 3671 qui
1073 3592 1255 3651 circa
1303 3586 1551 3651 saeculi
1598 3589 1797 3652 ·-xv.1.

296 3679 654 3740 dimidium
691 3679 945 3765 scriptis
985 3681 1110 3746 suis
1151 3682 1564 3759 inclaruere,
1612 3680 1800 3745 frau-

284 3774 453 3835 dem
489 3774 629 3854 jam
649 3785 789 3836 tum
813 3777 1095 3839 diditam
1116 3779 1533 3864 detexerunt,
1566 3780 1798 3841 memi-

290 3868 529 3948 nitque
569 3866 812 3931 horum
857 3867 1222 3954 postremus
1277 3873 1551 3935 Ioannis
1597 3872 1797 3938 Cavi-

280 3962 361 4026 υἱ
395 3962 812 4047 Parmensis,
864 3985 1177 4051 magnum
1215 3966 1305 4029 ab
1357 3965 1648 4031 infausta
1717 3990 1801 4032 ea

3256 554 3395 623 303
3437 590 3442 595 ·

1894 751 2007 794 um
2096 724 2339 790 ducem
2381 718 2946 808 'Arschotannm,
3023 737 3092 792 et
3155 728 3399 795 ducem

1891 820 2460 911 Bukinghamium
2499 836 2834 887 memorat
2872 818 3181 904 historia,
3249 847 3399 889 ma·

1893 922 2091 1005 'gnam
2126 919 2452 1004 pecuniae
2505 915 2835 982 summam
2885 919 2953 979 in
3017 919 3401 986 deformem

1891 1015 2068 1077 hanc
2099 1032 2390 1077 mercem
2440 1012 2812 1076 inconsulto
2867 1010 3165 1078 effusam.
3263 1018 3398 1080 De-

1889 1112 2085 1173 tectis
2165 1108 2525 1190 paullatim
2562 1107 2670 1171 his
2719 1106 3089 1218 praestigiis
3149 1132 3398 1198 magno

1891 1217 2104 1281 motu,
2158 1214 2362 1284 atque
2395 1202 2664 1265 adsensu
2687 1204 2896 1271 vario·
2931 1205 3176 1290 agitari
3195 1228 3395 1291 quae

1894 1297 2012 1363 stio
2055 1310 2345 1384 coepta,
2396 1310 2617 1359 utrum
2672 1296 3022 1363 existerent
3057 1302 3394 1366 indubita-

1889 1407 2001 1457 tae
2043 1394 2204 1457 fidei
2249 1393 2431 1455 numi
2464 1380 2755 1457 Othonis
2796 1396 2988 1457 aenei
3037 1398 3394 1461 commatis

1891 1487 2199 1571 antiqui‘3
2250 1474 2599 1573 Negarunt
2634 1487 2799 1550 istud
2844 1490 2971 1552 viri
3004 1511 3051 1553 a
3111 1493 3211 1557 rei
3276 1513 3393 1556 nu-

1888 1585 2314 1647 mismaticae
2360 1583 2473 1647 usu
2505 1596 2574 1646 et
2604 1586 3102 1648 exercitatione
3152 1587 3395 1668 inclyti

1887 1681 2222 1757 nominis»,
2274 1681 2638 1764 praecipue
2671 1679 2786 1763 qui
2822 1680 2891 1740 in
2925 1680 3131 1743 ltalia
3171 1681 3391 1746 versa·

1888 1776 2132 1837 bantur
2152 1821 2172 1851 ‚
2220 1787 2285 1835 et
2319 1773 2582 1837 celebre
2612 1787 2754 1836 tum
2789 1795 2910 1858 per
2941 1779 3240 1841 omnium
3267 1792 3392 1839 ora

1883 1869 2015 1933 fuit
2081 1867 2451 1932 christinae
2524 1869 2876 1932 oraculum
2929 1871 3387 1938 ediss'erentis:

1883 1969 1993 2052 qui
2043 1984 2286 2030 aereum
2337 1962 2636 2028 Othonem
2673 1968 2983 2049 repererit
3027 1971 3394 2055 antiquum,

1877 2060 2352 2150 philosophicum
2385 2060 2645 2142 lapidem
2680 2064 2998 2126 invenerit.
3113 2064 3217 2126 Ea
3258 2066 3388 2127 dis-

1887 2158 2185 2242 ceptatio
2226 2153 2645 2219 occafionem
2703 2156 2891 2219 dedit
2947 2157 3390 2221 dissertationi

1887 2255 1961 2318 de
1990 2248 2338 2316 othonibus
2363 2254 2562 2314 aereis
2586 2297 2603 2326 ,
2653 2270 2860 2334 quam
2903 2252 3069 2331 juss'u
3096 2252 3389 2337 Leopol-

1887 2349 1957 2411 di
1990 2345 2372 2410 archiducis
2418 2344 2846 2408 elucubratus
2889 2342 2976 2407 est
3057 2348 3386 2410 Henricus

1886 2442 2198 2505 Thomas
2259 2438 2640 2502 Chiffletius
2698 2442 2965 2524 reginae
3020 2439 3388 2504 Christinae

1884 2540 1952 2602 in
1992 2537 2155 2601 urbe
2193 2555 2239 2598 a
2279 2536 2483 2598 sacris
2551 2534 2923 2621 obsequiiS,
2979 2552 3154 2620 quae
3205 2537 3387 2598 dein-

1886 2652 2042 2719 ceps
2085 2631 2327 2695 inserta
2379 2651 2647 2715 quoque
2692 2628 2781 2693 est
2813 2633 3047 2695 -Tomo
3098 2633 3151 2695 1.
3226 2633 3390 2695 novi

1884 2728 2211 2793 Thesauri
2243 2730 2440 2792 Rom.
2488 2727 2796 2811 antiquit.
2859 2727 3212 2816 Salengrii.
3314 2728 3390 2790 In

1880 2828 2013 2890 hac
2095 2823 2201 2885 vir
2267 2825 2566 2887 eruditus
2638 2821 2931 2908 probare
3001 2823 3386 2900 contendit,

1877 2921 2135 2985 nullum
2174 2921 2448 2982 omnino
2493 2916 2746 3000 exstare
2799 2919 3138 2983 Othonem
3183 2938 3390 2982 aene-

1878 3009 2032 3101 um,
2082 3015 2202 3099 qui
2238 3034 2397 3078 vere
2436 3017 2753 3100 antiquus
2801 3013 2912 3093 fit,
2965 3028 3033 3079 et
3075 3016 3191 3098 qui
3230 3013 3386 3078 hac-

1878 3126 2070 3176 tenus
2110 3108 2330 3173 oblati
2366 3111 2547 3185 sunt,
2597 3110 2725 3172 ess'e
2763 3110 3021 3196 spurios
3054 3159 3075 3191 ,
3121 3122 3248 3176 aut
3302 3130 3388 3173 ex

1880 3206 2183 3294 genuinis
2222 3226 2343 3290 per
2367 3204 2681 3268 fraudem
2716 3204 3061 3272 confictos,

1974 3302 2132 3366 Aeri
2201 3301 2592 3365 Othoniano
2687 3300 3245 3388 indulgentiorem
3327 3302 3390 3366 l'e

1877 3397 2194 3484 praebuit
2218 3394 2508 3460 Carolus
2546 3396 2823 3459 Patinus
2866 3400 3167 3461 medicus
3204 3400 3388 3461 Pari·

1879 3491 2089 3556 fiensis
2126 3543 2146 3574 ,
2200 3494 2312 3574 qui
2374 3512 2509 3554 non
2583 3492 2791 3556 modo
2845 3492 3172 3580 profess'us
3261 3492 3388 3570 est,

1877 3608 2012 3652 non
2061 3600 2320 3672 paucos
2352 3585 2628 3652 ,exstare
2674 3590 2851 3652 aeris
2900 3587 3142 3651 sincere
3205 3603 3386 3654 vete-

1877 3686 2016 3761 riS,
2062 3695 2272 3764 atque
2318 3703 2361 3746 a
2405 3682 2467 3744 se
2500 3681 2937 3768 conspectae,
2987 3696 3055 3747 et
3107 3687 3174 3746 in
3231 3687 3385 3770 rigi-

1876 3780 2035 3842 dum
2077 3795 2363 3868 examen
2399 3791 2726 3854 vocatOS,
2754 3781 2815 3863 ⁸)
2865 3780 2973 3843 sed
3009 3779 3155 3865 ipse
3174 3781 3383 3846 etiam

1876 3873 2270 3982 complures
2298 3877 2438 3956 ejus
2474 3874 2750 3959 generis
2771 3876 2854 3938 in
2881 3877 3101 3941 lucem
3171 3875 3385 3941 edidit

1873 3972 2026 4032 cum
2069 3969 2136 4030 in
2195 3968 2552 4031 Thesauro
2604 3971 3049 4048 Mauroceni,
3097 3958 3163 4053 ιι)
3242 3984 3386 4038 tum

290 4057 569 4122 scientia
604 4077 852 4122 nomen
897 4061 1151 4145 adepti.
1246 4062 1424 4125 Satis
1504 4061 1797 4142 constat,
1870 4065 1937 4126 in
1977 4064 2104 4125 suis
2149 4064 2634 4147 imperatorum
2686 4067 2941 4142 numiS,
3013 4068 3382 4151 permovit-

292 4152 615 4237 deceptos
653 4153 895 4218 horum
928 4154 1171 4219 fraude
1216 4177 1351 4218 non
1402 4176 1654 4239 paucos
1698 4160 1797 4219 in·
1870 4178 2004 4241 que
2043 4155 2460 4220 chiffletium
2494 4159 2706 4242 ipsum
2730 4207 2750 4235 ‚

2836 4173 2908 4222 ut
2943 4162 3012 4223 in
3096 4163 3387 4244 gratiam

292 4246 486 4330 lignis
524 4247 754 4313 famae
787 4252 1087 4315 eruditos
1116 4298 1136 4330 ,
1190 4264 1255 4314 et
1296 4253 1563 4314 avitis
1607 4253 1797 4315 lauti·
1869 4272 2021 4317 cum
2063 4253 2293 4316 aeneis
2341 4251 2632 4320 Othonis
2675 4257 2904 4318 numia
2967 4257 3255 4331 rediret,
3309 4265 3383 4317 ut

291 4342 429 4403 oris
457 4340 792 4423 fortunae,
819 4367 990 4431 quos
1026 4348 1197 4411 inter
1230 4344 1552 4409 Carolum
1577 4348 1798 4432 Croy-
1868 4361 2058 4435 patet
2089 4369 2175 4411 ex
2221 4349 2385 4414 data
2421 4352 2561 4431 ejus
2600 4349 2688 4412 ad
2718 4350 3033 4414 Patinum
3075 4349 3380 4436 epistola,

271 4474 3392 4514 mmmmm-w

342 4548 427 4614 .a)
467 4545 592 4600 niti.
630 4563 782 4608 num,
819 4566 941 4621 cap,
984 4569 1068 4612 αι,
1139 4575 1149 4586 ·
1257 4547 1313 4611 b)
1353 4564 1473 4621 pag.
1518 4567 1628 4616 114.
