4225 5450
775 466 952 575 ὶα,
1429 536 1438 541 .
1937 441 2681 577 avovsrva

770 640 989 727 mm.
1033 636 1647 728 ‘m‘mvmctam
1683 638 2275 741 PoTEsTA-rm,

765 761 957 826 nullo
990 761 1078 822 ad
1117 758 1293 822 hanc
1332 759 1568 822 addito
1602 777 1903 821 numero.
1951 753 2019 840 ⁸)
2121 754 2276 820 Cer·

765 870 910 921 tum
944 868 1172 919 tamen
1215 873 1299 917 ex
1329 852 1871 938 inscriptionibus
1895 899 1916 930 ,
1966 872 2118 915 eum
2160 872 2275 915 nu·

769 971 1026 1017 merum
1063 969 1187 1034 per
1218 949 1440 1033 plures
1476 948 1793 1032 deinceps
1851 966 2064 1010 annos
2139 966 2275 1010 non

766 1045 957 1110 fuiffe
1008 1058 1301 1108 auctum.
1399 1042 1511 1107 Sic
1535 1044 1716 1128 apud
1751 1039 2106 1105 Gruterum
2145 1047 2275 1105 Au·

835 1138 985 1204 ¹stus
1030 1140 1273 1203 dicitur
1325 1139 1470 1202 TR.
1533 1138 1738 1203 POT.
1789 1137 2006 1201 XVII.
2085 1136 2273 1200 IMP.

831 1238 945 1303 iv.
995 1233 1066 1320 ⁸)
1117 1232 1310 1297 Trib.
1358 1230 1648 1319 potestas
1702 1232 1916 1296 XVII.
1968 1232 2154 1296 cadit
2205 1233 2274 1295 in

768 1351 985 1396 annos
1027 1331 1110 1393 V.
1143 1324 1227 1395 C.
1287 1342 1449 1411 747.
1489 1340 1649 1410 748.
1768 1326 2033 1391 Romae
2074 1326 2275 1414 supra

822 1440 1043 1491 ortam
1067 1425 1135 1488 S.
1151 1422 1501 1487 Laurentii
1528 1424 1808 1509 legitur:
1864 1423 2049 1486 IMP.
2067 1420 2273 1486 CAE-

818 1520 1224 1586 AR.D1V1.
1278 1494 1612 1585 1vL1.⁸F.
1646 1516 2149 1589 AVGVSTVS.
2198 1517 2289 1579 P.-

766 1619 865 1684 M.
906 1615 1099 1683 Cos,
1117 1613 1268 1679 XII.
1286 1612 1745 1679 TRIBVNIC.
1764 1612 2274 1677 POTESTAT.

762 1713 947 1779 xlx.
1005 1712 1192 1776 IMP.
1228 1710 1408 1773 XIV.
1448 1709 1743 1774 RIVOS.
1791 1707 2277 1791 AQVARVM.

763 1807 1068 1874 OM‘NIV
1074 1807 1172 1870 M.
1192 1804 1605 1872 REFECIT.
1656 1794 2090 1870 Consulatum
2126 1803 2279 1870 XII.

761 1905 962 1969 inivit
991 1904 1076 1967 V.
1111 1898 1190 1966 0.
1233 1914 1407 1986 749,
1449 1914 1529 1965 ·et
1567 1901 1809 1965 eodem
1873 1919 2053 1964 anno
2130 1919 2277 1964 ver·

769 2013 965 2085 gente
1012 1997 1102 2062 ad
1151 1995 1356 2061 finem
1417 1996 1613 2061 Iunio
1653 1997 1809 2061 trib.
1875 1992 2278 2081 potestatem

765 2096 949 2160 XIX.
1080 2094 1283 2179 Apud
1350 2093 1802 2157 Muratorium
1833 2089 1913 2173 ιο)
1974 2091 2274 2178 legitur:

763 2192 953 2257 IMP.
987 2187 1361 2254 CAESAR.
1398 2186 1626 2255 DIVI.
1675 2187 1750 2251 F.
1787 2185 1998 2253 AVG.
2061 2186 2274 2250 PON-

749 2286 944 2375 TIF.
979 2282 1429 2348 MAXIMVS.
1476 2282 1668 2349 COS.
1714 2282 1864 2348 XII.
1898 2280 2091 2348 008.
2120 2283 2274 2346 DE.

763 2380 1131 2447 SIGNAT.
1165 2379 1350 2443 XIII.
1392 2378 1581 2457 IMP.
1644 2378 1823 2446 XIV.
1862 2380 2273 2444 TRIBVNI·

764 2477 942 2545 CIA.
1018 2473 1590 2540 POTESTATE.
1652 2474 1799 2537 XX.
1927 2474 2276 2541 Iudicatur

767 2594 984 2641 annus
1021 2573 1104 2637 V.
1146 2569 1225 2636 C.
1253 2589 1383 2654 75¹
1414 2615 1434 2645 ‚
1487 2571 1671 2650 cujus
1708 2567 2039 2634 desinente
2075 2571 2270 2635 Iunio

766 2670 981 2737 exivit
1020 2665 1180 2732 trib.
1224 2660 1517 2751 potestas
1562 2664 1708 2731 XX.
1736 2710 1756 2743 ,
1807 2678 1875 2729 et
1924 2684 2061 2750 quo
2106 2665 2271 2732 defi..

764 2778 1011 2852 gnatus
1044 2760 1178 2823 fuit
1217 2759 1409 2824 COS.
1459 2759 1643 2825 XIII.
1696 2761 2115 2845 prooeffurus
2181 2764 2274 2827 ad

767 2862 1115 2943 sequentes
1154 2854 1502 2918 Katendas
1547 2856 1689 2921 Ian.
1801 2856 2099 2924 Duravit
2158 2859 2271 2924 hic

766 2970 1085 3022 numerus
1132 2949 1577 3016 verisimiliter
1621 2973 1831 3037 usque
1884 2956 1975 3020 ad
2020 2973 2272 3021 annum

763 3053 855 3119 V.
899 3049 976 3114 C.
1012 3047 1191 3133 7‘59,
1246 3059 1320 3110 ut
1353 3066 1517 3111 mox
1550 3049 1957 3116 videbimus.
2120 3131 2129 3139 .

863 3145 1059 3210 IMP.
1113 3146 1265 3213 XV.
1363 3143 1638 3227 Pighius
1671 3163 1756 3209 ex
1791 3145 1925 3211 fide
1964 3144 2277 3216 Panvinii

771 3260 1079 3308 marmor
1113 3242 1398 3318 recitat,
1446 3238 1515 3302 in
1557 3260 1690 3325 quo
1723 3241 2045 3328 Augustus
2093 3263 2277 3308 oom-

771 3337 1117 3426 pellaturz
1174 3336 1447 3401 PONT.
1505 3337 1733 3403 MAX.
1802 3339 2044 3404 TRIB.
2130 3339 2280 3403 Po-

771 3431 1032 3498 TES‘L
1075 3432 1387 3499 XXVIII.
1429 3430 1618 3495 COS.
1658 3432 1841 3497 XIII.
1879 3435 1956 3499 P.
1990 3436 2064 3499 P.
2089 3436 2279 3499 IMP.

769 3527 922 3593 XV.
1023 3527 1268 3613 Coepit
1311 3526 1465 3593 trib.
1494 3525 1787 3613 potestas
1844 3530 2157 3596 XXVIII.
2210 3534 2280 3595 in

774 3623 972 3690 Iunio
1004 3627 1089 3690 V.
1128 3621 1205 3688 C.
1256 3635 1430 3709 758,
1515 3634 1583 3686 et
1656 3623 1897 3688 eodem
1954 3626 2285 3712 sequentis

779 3721 938 3786 anni
979 3738 1118 3803 759
1157 3718 1524 3803 exspiravit
1549 3763 1570 3795 ‚
1623 3738 1757 3804 quo
1796 3718 2160 3805 posteriore
2217 3742 2282 3786 e-

777 3837 891 3880 um
929 3814 1062 3878 hoc
1094 3815 1297 3878 decus
1346 3811 1609 3878 iterass'e
1649 3812 1915 3890 censeo;
1965 3835 2125 3900 nam
2183 3835 2287 3880 re·

773 3931 945 3977 vera
977 3909 1126 3989 ,Dio
1166 3909 1255 3972 ad
1297 3909 1474 3972 hunc
1525 3927 1772 3973 annum
1811 3925 2084 3990 narrat,
2151 3918 2284 3979 Au.

779 4006 1035 4095 gustum
1083 4018 1151 4069 et
1199 4005 1550 4074 Tiberium
1612 4003 1703 4068 ob
1747 4025 1854 4069 res
1930 4006 2285 4071 adversum

781 4099 1158 4168 Germanos
1195 4101 1509 4187 prospere
1543 4098 1754 4185 gestas
1808 4099 2132 4189 accepisse
2168 4100 2285 4165 no·

2354 660 2535 724 idem
2586 674 2900 723 numerus
2945 659 3088 725 XV.
3125 663 3409 742 ‘junctus
3476 654 3659 727 σαφ’
3700 660 3865 727 TR.

2353 755 2560 820 POT.
2606 755 2947 819 xxvnn.
3001 754 3188 823 cos,
3255 758 3439 822 xm.
3488 744 3554 849 ¹3)
3654 757 3867 841 Anna

2355 871 2654 914 marmor
2680 851 2863 914 idem
2910 850 3227 937 Pighius,
3281 865 3347 914 et
3399 852 3729 916 Gruterus
3775 873 3873 919 ex

2354 946 2689 1009 Panvinio
2724 944 2973 1023 citant,
3021 947 3090 1008 in
3136 966 3275 1030 quo
3329 947 3652 1033 Augustus
3698 948 3866 1009 dici-

2353 1050 2462 1102 tur
2500 1040 2769 1107 PONT.
2809 1040 3037 1103 Max.
3086 1042 3329 1105 TRIB.
3386 1042 3591 1106 POT.
3650 1042 3869 1111 XXX.

2354 1134 2545 1200 IMP.
2595 1136 2738 1205 XV.
2772 1133 2964 1200 COS.
2998 1136 3192 1201 XIII.
3234 1138 3560 1209 PATER,
3593 1139 3870 1202 PATR.

2355 1228 2605 1316 Coepit
2655 1229 2924 1317 Augusti
2966 1233 3354 1297 tribunatus⁴
3380 1233 3581 1301 XXX.
3641 1233 3714 1297 in
3759 1232 3871 1295 Iu.

2350 1325 2466 1389 nio
2508 1326 2589 1391 V.
2622 1325 2700 1393 0.
2751 1330 2913 1408 76ο.
3014 1326 3023 1335 “
3272 1326 3283 1333 ’
3744 1368 3751 1375 ·

2453 1421 2639 1485 IMP.
2686 1424 2871 1489 XVI.
2920 1422 3215 1489 habetur
3250 1425 3324 1488 in
3354 1440 3701 1490 marmore
3718 1426 3869 1490 Mu·

2353 1519 2593 1582 ratorii
2628 1560 2652 1595 ,-
2698 1516 2762 1601 ε)
2815 1531 2883 1580 et
2915 1521 3207 1605 jungitur
3239 1540 3389 1584 cum
3418 1521 3632 1586 titulis
3672 1519 3873 1592 008.

2356 1613 2540 1679 XIII.
2563 1616 2629 1679 T
2632 1615 2714 1679 R.
2740 1615 2954 1680 POT.
2990 1616 3262 1680 XXXII.
3283 1616 3359 1682 P.
3385 1617 3463 1681 P.
3489 1665 3511 1696 ,
3563 1617 3680 1700 qui
3701 1636 3870 1681 con-

2357 1722 2599 1795 gruunt
2630 1713 2824 1774 annis
2856 1711 2937 1773 V.
2973 1709 3052 1773 0.
3106 1715 3238 1791 762
3279 1723 3347 1774 et
3380 1715 3546 1801 7⁶3·

2454 1803 2645 1869 IMP.
2691 1807 2905 1870 XVII.
2940 1805 3187 1871 XVIII.
3221 1806 3400 1871 XIX.
3518 1809 3664 1881 Hos
3705 1811 3864 1875 titu-

2357 1899 2464 1964 los
2499 1902 2780 1979 reticent
2832 1915 3305 1982 monumenta,
3371 1901 3867 1979 constituendos

2356 2015 2524 2060 vero
2563 1996 2690 2060 else
2722 1997 2899 2062 intra
2951 1986 3119 2064 trib.
3171 1995 3535 2083 potestates
3572 2003 3865 2067 XXXII.

2359 2103 2429 2156 et
2485 2090 2827 2171 XXXIV..
2902 2114 2989 2157 ex
3069 2113 3412 2158 marmore
3494 2096 3864 2163 Muratorii

2356 2207 2522 2252 mox
2554 2190 2808 2267 citato,
2873 2203 2941 2254 et
2994 2189 3216 2253 numia
3261 2189 3685 2275 sequentibus
3734 2195 3862 2257 do·

2354 2303 2626 2361 cemur,
2678 2296 2881 2369 atque
2923 2287 3100 2348 adeo
3144 2288 3322 2350 intra
3370 2306 3585 2351 annos
3622 2290 3705 2355 V.
3782 2287 3860 2355 C.

2360 2380 2491 2460 762
2537 2391 2604 2441 et
2640 2381 2802 2459 764.
2900 2381 3085 2445 Intra
3119 2380 3248 2446 hos
3284 2401 3499 2446 annos
3528 2395 3865 2471 perpetua

2349 2471 2542 2537 fuere
2588 2493 2738 2538 cum
2778 2476 3186 2554 Pannoniis,
3236 2475 3620 2559 Dalmatis,
3670 2491 3739 2543 et
3778 2479 3867 2544 11-

2352 2568 2545 2650 lyriis
2584 2568 2809 2649 bella,³
2857 2584 2924 2635 et
2983 2585 3218 2638 narrat
3269 2571 3409 2638 Dio
3452 2575 3546 2638 ad
3612 2592 3865 2641 annum

2350 2665 2437 2730 V.
2476 2662 2551 2729 C.
2603 2668 2780 2752 763,
2832 2667 3126 2754 Augusto
3167 2681 3234 2734 et
3274 2668 3558 2734 Tiberio
3624 2669 3715 2735 ob
3760 2672 3863 2737 vi-

2354 2771 2498 2825 ctos
2541 2762 2901 2828 Dalmatas
2928 2765 3364 2851 imperatorie
3403 2766 3672 2832 titulum
3706 2786 3862 2855 par-

2351 2867 2519 2921 tum.

2449 2954 2640 3019 IMP.
2689 2955 2836 3020 XX.
2933 2953 3207 3021 Exstant
3223 2958 3407 3021 numi
3442 2957 3607 3022 certi
3643 2963 3865 3041 aenei,

2353 3049 2702 3136 inscripti:
2778 3051 2964 3116 IMP.
3015 3053 3160 3118 XX.
3210 3053 3578 3118 TRIBVN.
3651 3055 3865 3120 POT.

2356 3144 2703 3214 XXXIIII.
2803 3146 2995 3212 Hanc
3035 3147 3433 3236 potestatem
3481 3148 3869 3233 auspicatus

2360 3237 2448 3303 est
2491 3242 2560 3305 in
2595 3243 2788 3307 Iunio
2824 3243 2907 3307 V.
2944 3242 3022 3308 C.
3061 3247 3222 3324 764
3321 3243 3509 3309 Idem
3544 3264 3867 3312 numerus

2361 3338 2568 3402 etiam
2599 3347 2951 3424 comparet
2981 3342 3051 3404 in
3099 3341 3585 3425 epigrammate
3638 3343 3868 3424 pontia
3902 3359 3923 3366 ·

2361 3433 2791 3502 Ariminenfis
2836 3434 3127 3520 Augusto
3175 3455 3353 3500 anno
3396 3437 3573 3516 767,
3621 3453 3873 3522 nempe

2364 3541 2668 3595 extremo
2735 3532 2889 3611 ejus‘
2931 3531 3160 3609 vitae,
3231 3531 3589 3610 dedicato,
3682 3535 3873 3615 quod

2362 3626 2676 3690 mendose
2725 3644 2770 3688 a
2825 3623 3112 3690 Grutero
3147 3626 3543 3713 descriptum
3569 3673 3590 3705 ‚
3642 3645 3686 3690 a
3720 3615 3870 3708 No..

2361 3718 2558 3800 risio,
2612 3723 2729 3804 qui
2765 3720 2931 3783 illud
3013 3707 3282 3806 ersaepe
3329 3720 3468 3807 ipse
3530 3721 3733 3806 legit,
3784 3722 3873 3808 fic

2362 3812 2728 3881 restitutum
2770 3812 2858 3879 est
2892 3834 2911 3879 ε
3067 3815 3254 3881 ῙΜΡ.
3296 3814 3674 3882 CAESAR.
3740 3817 3872 3900 Dt-

2363 3910 2483 3975 VI.
2503 3912 2580 3976 F.
2615 3909 3118 3978 AVGVSTVS.
3148 3907 3511 3975 PONTIF.
3529 3910 3868 3980 MAXIM.

2365 4001 2558 4071 COS.
2597 4007 2781 4072 XIII.
2817 4007 3005 4076 IMP.
3042 4007 3189 4073 XX.
3227 4005 3691 4075 TRIBVNIC.
3719 4009 3872 4072 ΡΟ.

2366 4101 2622 4168 TEST.
2662 4104 3000 4170 XXXVII.
3036 4103 3113 4166 P.
3147 4103 3222 4166 P.
3321 4102 3527 4166 Inivit
3557 4100 3869 4189 haecpo-

779 4220 937 4264 men
968 4198 1426 4284 imperatoris.
1531 4198 1731 4281 Apud
1779 4194 2137 4261 Gruterum
2201 4194 2290 4261 est
2361 4196 2559 4263 testas
2577 4212 2893 4287 vergente
2926 4198 3016 4263 ad
3048 4196 3251 4261 finem
3264 4189 3463 4288 Iunio
3482 4196 3567 4261 V.
3598 4198 3678 4263 C.
3701 4191 3790 4281 76
3801 4220 3870 4283 7.

793 4403 798 4408 ἡ
855 4423 983 4497 ε)’1.
1023 4450 1066 4485 c.

785 4511 908 4564 441.
948 4515 993 4551 ι.

1256 4432 1320 4500 b)
1356 4433 1486 4503 Pag.
1529 4443 1644 4495 187.
1685 4446 1767 4491 ιο.

1179 4502 1226 4567 {J
1263 4501 1458 4555 Cenot.
1494 4499 1594 4553 Pir.
1632 4497 1742 4554 offl'.
1775 4497 1851 4555 ΙΙ.
1886 4516 1933 4553 c.
1975 4518 2058 4568 ¹7·

1940 4433 1991 4500 c)
2025 4431 2156 4504 pag.
2196 4449 2315 4488 πο.
2359 4447 2442 4494 ιο.
2479 4443 2533 4486 et
2563 4447 2693 4499 442.
2734 4449 2782 4487 a.

2953 4432 3016 4502 d)
3056 4432 3186 4506 rag.
3229 4448 3376 4501 toga.
3417 4452 3479 4492 α..
3553 4509 3565 4523 ·
3638 4438 3697 4504 e)
3731 4435 3868 4507 1²23.
