4225 5450
1084 510 1829 655 AGRIPPleA

400 753 559 825 .Sed
605 774 823 840 neque
860 755 1114 820 erravit
1140 756 1554 819 monetarius
1588 773 1843 819 vocan-

322 849 419 914 do
456 851 896 935 Agrippinam
944 854 1295 930 ΑΙΟΛΙΝ,
1344 852 1533 933 quod
1588 853 1651 914 ei
1719 869 1835 913 no-

323 965 478 1008 rnen
513 945 795 1008 honoris
844 948 1044 1011 causa
1092 947 1375 1010 inditum
1435 943 1839 1008 confirmant

319 1043 617 1124 primum
670 1039 947 1105 historia
982 1089 1001 1118 ‚
1071 1042 1315 1104 deinde
1402 1052 1838 1105 monumenta

324 1146 511 1197 certa
546 1136 708 1200 alia.
812 1136 1117 1201 Numum
1135 1136 1429 1200 diximus
1463 1135 1834 1220 percuss'um

324 1231 509 1315 apud
560 1232 936 1314 Mytilenen
986 1232 1191 1295 Lesbi
1244 1229 1496 1293 insulae
1571 1228 1828 1297 urbem.

324 1325 483 1389 Fuit
515 1324 777 1390 Lesbus
823 1344 961 1391 non
1025 1329 1236 1391 modo
1299 1325 1571 1399 Aeolidi
1623 1322 1836 1389 adfita

330 1422 686 1506 proxime,
737 1443 971 1489 verum
1011 1442 1098 1486 ea
1148 1422 1295 1507 ipsa
1354 1420 1443 1486 ab
1508 1418 1834 1485 Aeolibus
1908 1470 1913 1479 ,

324 1515 664 1583 habitata.
766 1518 995 1600 Quare
1050 1518 1322 1601 Scylaci
1371 1514 1617 1580 dicitur
1661 1534 1836 1595 νησος

327 1615 583 1691 Λιολις,
635 1625 703 1676 et
739 1612 1082 1678 Eustathio
1125 1614 1493 1697 μητροπολις
1524 1630 1650 1676 των
1688 1616 1832 1689 Aac·

327 1711 518 1770 mm
546 1711 816 1789 πολεων,
868 1707 931 1790 a)
999 1721 1066 1772 et
1114 1708 1542 1791 Stephanus:
1594 1695 1660 1784 1’)
1712 1710 1833 1768 Λε-

330 1820 536 1876 γονται
571 1821 670 1865 και
710 1794 766 1866 ba
800 1823 899 1866 τον
934 1810 1165 1869 Aeacon
1223 1798 1480 1878 ὁικεντες
1550 1806 1790 1878 Λιολεις
1814 1845 1832 1876 ,

329 1905 388 1959 et
416 1895 645 1961 Aeoles
678 1898 982 1963 velantur
1018 1902 1067 1962 iz·
1098 1946 1117 1975 ,
1188 1900 1294 1984 qui
1357 1894 1619 1960 Lesbum
1672 1898 1833 1958 inco·

328 1990 482 2054 lunt.
582 1992 735 2077 Ipsa
779 1994 989 2055 etiam
1022 1994 1254 2079 lingua
1310 1990 1442 2053 fuit
1507 1990 1836 2067 Aeolum,

334 2087 516 2168 quod
562 2098 831 2170 praeter
867 2087 1006 2152 alia
1041 2084 1494 2151 demonstrant
1536 2085 1837 2147 carmina

330 2180 593 2258 Alcaei,
645 2192 712 2244 et
747 2180 1060 2266 Sapphus
1101 2184 1588 2266 indigenarum.
1656 2176 1835 2241 Con·

337 2273 459 2337 stat
497 2295 663 2338 vero
713 2296 796 2339 ex
856 2276 1112 2340 Tacito
1149 2324 1168 2356 ,
1234 2273 1297 2357 ⁶)
1362 2273 1839 2337 Germanicum

338 2369 608 2433 Tiberii
678 2370 850 2452 ·juss'u
911 2373 997 2433 V.
1044 2370 1118 2437 C.
1162 2392 1288 2451 77¹
1347 2372 1414 2433 in
1493 2370 1837 2437 Orientem
1874 2422 1891 2431 -

329 2463 718 2550 profectum
755 2464 1082 2532 subsistere
1134 2467 1396 2550 longius
1438 2466 1505 2526 in
1564 2464 1695 2525 hac
1740 2464 1836 2524 in-

338 2558 478 2621 sula
524 2573 832 2624 coactum
867 2573 1147 2646 propter
1186 2561 1631 2645 Agrippinam
1662 2574 1838 2623 uxo·
1880 2616 1893 2622 -

328 2674 473 2717 rem
506 2701 525 2732 ,
578 2675 751 2739 quae
784 2676 951 2719 mox
982 2656 1237 2721 Iuliam
1267 2654 1587 2719 Livillam
1639 2664 1839 2738 partu

338 2750 542 2814 enixa
581 2750 690 2813 est.
748 2753 972 2854 ‘Huic
1033 2751 1423 2815 Germanici
1493 2752 1559 2813 in
1628 2749 1842 2811 infula

340 2863 617 2925 morae,
669 2858 736 2907 et
777 2848 955 2927 quod
991 2859 1153 2910 nata
1188 2847 1282 2909 illi
1323 2847 1506 2931 apud
1555 2844 1619 2910 se
1654 2842 1837 2920 filia,

337 2938 733 3001 tribuendus
796 2941 1197 3004 Lesbiorum
1260 2944 1326 3003 in
1384 2960 1535 3004 eum
1596 2939 1841 3024 princi·

336 3053 535 3118 pem,
589 3036 861 3118 ejusque
901 3035 1240 3099 familiam
1277 3034 1612 3111 adfectuS,
1640 3053 1838 3115 quem

339 3140 406 3191 et
454 3129 705 3214 copiofi
738 3132 923 3194 numi
960 3133 1029 3194 in
1046 3131 1235 3211 hujus
1272 3130 1600 3192 honorem
1635 3126 1839 3210 [igna-

337 3225 387 3286 ti
425 3225 737 3309 produnt.
837 3226 1016 3289 Satis
1059 3227 1259 3311 igitur
1291 3225 1570 3298 causae,
1622 3241 1739 3285 cur
1791 3225 1841 3285 ii

338 3318 715 3382 universam
758 3318 1142 3384 Germanici
1192 3319 1530 3383 familiam
1561 3319 1838 3381 honoris

337 3414 538 3480 causa
633 3416 910 3478 civitate
993 3418 1367 3491 donarent,
1441 3415 1554 3496 qui
1621 3413 1840 3476 honos

338 3508 659 3593 frequens
690 3508 823 3573 fuit
861 3514 930 3576 in
994 3511 1272 3588 urbibus
1319 3508 1638 3588 GraeciS,
1729 3528 1839 3571 ne-

341 3625 471 3687 que
508 3606 812 3670 oblatum
871 3606 1207 3695 aspernati
1249 3605 1396 3669 Iunt
1456 3624 1683 3690 reges,
1759 3621 1841 3667 ac

338 3703 699 3787 principe&
800 3709 890 3768 At
918 3723 1070 3766 cum
1102 3701 1335 3765 Lesbii
1361 3701 1619 3784 origine
1645 3700 1845 3761 ess'ent

344 3796 614 3876 Aeoles,
668 3799 1082 3882 Agrippinae
1122 3797 1407 3859 inditum
1446 3815 1692 3858 nomen
1730 3798 1842 3857 Al-

330 3895 599 3973 ·ΟΛΙΣ,
654 3896 836 3975 quod
878 3891 963 3954 est
999 3892 1243 3977 gentile
1297 3888 1665 3953 femineum
1721 3889 1841 3952 du·

336 3999 520 4049 ctum
566 4008 610 4050 a
644 3989 1006 4052 masculino
1034 3989 1324 4063 Αιολιος,
1377 3989 1693 4067 cujusque
1733 3991 1842 4047 ac·

339 4081 613 4146 cusandi
652 4083 838 4148 casus
894 4081 1182 4148 flectitur
1234 4082 1304 4143 in
1379 4081 1679 4156 Αιολιδοε,
1732 4078 1845 4141 vel

336 4182 590 4257 Agonia,
643 4191 716 4243 ut
754 4181 965 4245 habet
1004 4195 1268 4243 numus.
1366 4176 1676 4260 Denique
1704 4173 1840 4235 sen-

1938 552 2564 633 GERMANI
2591 549 2737 633 cl.
3297 580 3435 647 225

1925 755 2252 829 eximium
2288 752 2638 838 vulgatum
2694 771 2737 814 a
2771 753 3197 833 Muratorio‚
3252 744 3316 834 11)
3369 766 3437 816 et

1927 850 2110 931 quod
2136 850 2501 934 plurimum
2540 848 2673 911 huc
2713 846 2924 937 facit,
2975 850 3044 910 in
3081 848 3227 934 ipsa
3257 853 3430 913 Aeo·

1922 944 2019 1007 lia
2070 957 2462 1030 repertumz

2453 1041 2528 1104 Ο.
2570 1039 2905 1104 ΔΗΜΟΣ.

2263 1135 2645 1199 ΝΕΡΩΝΑ.
2700 1132 3089 1201 ΙΟΤΛῙΟΝ.

2309 1229 2716 1293 ΚΑΙΣΑΡΑ.
2743 1231 3041 1293 ΠΑΙΔΛ.

2168 1326 2435 1391 ΘΕΟΤ.
2507 1322 2773 1388 NEOT.
2888 1322 3189 1387 ΓΕΡΜΑ

2263 1421 2567 1483 NIKOT.
2638 1420 3088 1484 ΚΛΙΣΑΡΟΣ

2310 1516 2488 1578 ΚΑΙ.
2509 1513 2774 1578 ΘΕΑΣ.
2797 1518 3043 1578 AIOAl

2349 1609 2992 1675 ΔΟΣ.ΚΑΡΠΟΦΟ

2235 1706 2427 1767 ΡΑΣ.
2501 1704 3119 1771 ΛΓΡΙΠΠΕΙΝΑΣ.

1924 1802 2238 1864 Marmor
2270 1799 2653 1861 dedicatum
2689 1797 2778 1861 est
2814 1800 3068 1871 Neroni
3122 1795 3430 1876 Caesari,

1925 1896 2010 1958 de
2045 1913 2182 1978 quo
2216 1913 2400 1970 mox,
2452 1892 2593 1956 filio
2638 1893 3056 1971 Germanici,
3104 1906 3170 1957 et
3193 1895 3428 1979 Agrip-

1920 1992 2166 2081 pinae,
2219 2007 2423 2069 quam
2453 1989 2613 2049 item
2653 2006 2951 2051 marmor
2992 1991 3430 2071 numi,exem·

1925 2085 2056 2168 plo-
2098 2083 2401 2147 AIOAIN
2458 2093 2685 2144 vocat.

1927 2178 2423 2261 Mytilenaeum
2461 2179 2646 2251 item,
2696 2175 3009 2262 perhibet
3035 2178 3429 2242 MAPKON.

1924 2272 2574 2342 rPANLON.rAm.
2608 2273 2815 2336 TlON
2868 2309 2889 2320 -
2942 2308 2964 2321 -
3018 2310 3038 2322 ·
3090 2274 3433 2335 ΓΤΜΝΑ-

1924 2364 2595 2433 ΣΙΑΡΧΗΣΑΝΤΛ.
2623 2366 2893 2431 ΘΕΑΣ.
2913 2366 3429 2431 ΣΕΒΑΣΤΛΣ.

1926 2463 2373 2527 ΑΙΟΛῙΔΟΣ.
2409 2461 2970 2527 ΚΛΡΠΟΦΟΡΩ.
2997 2462 3431 2526 ΑΓΡΙΠΠΕΙ·

1926 2560 2133 2623 ΝΑΣ.
2168 2577 2226 2619 κ.
2265 2579 2322 2620 τ.
2353 2561 2414 2621 λ..
2465 2561 2518 2633 e)
2569 2554 2678 2618 Est
2698 2557 2869 2620 haec
2903 2556 3274 2642 Agrippina
3299 2557 3430 2640 pri·
3563 2545 3570 2551 ’

1931 2655 2068 2715 oris
2106 2650 2299 2730 filia,
2357 2650 2626 2715 Claudii
2673 2673 2886 2732 uxor,
2943 2664 3008 2715 et
3059 2652 3201 2737 ipsa
3269 2669 3428 2737 quo·

1930 2769 2099 2831 que,
2153 2760 2227 2810 ut
2259 2748 2446 2824 dixi,
2503 2748 2902 2812 Lesbiorum
2977 2750 3255 2811 civitate
3318 2750 3433 2810 do-

1929 2856 2134 2917 nata,
2184 2862 2266 2905 ac
2303 2856 2667 2927 propterea
2708 2846 2894 2908 dicta
2933 2846 3263 2907 ΑΙΟΛΙΣ.

2025 2938 2152 3000 His
2181 2936 2586 2999 Lesbiorum
2645 2942 2862 3001 numis
2910 2939 3087 3001 adde
3157 2957 3436 2999 numum

1929 3030 2188 3095 Graece
2222 3031 2645 3115 inscriptum,
2697 3034 2921 3096 cusum
2973 3053 3017 3096 a
3051 3032 3434 3117 Leptitanis

1926 3125 2248 3205 Africae,
2301 3145 2471 3210 quos
2504 3130 2643 3192 adi.
3337 3132 3342 3138 ’

1924 3318 2343 3386 Coloniarum.

2022 3416 2234 3494 Hujus
2272 3413 2534 3498 generis
2573 3432 2812 3477 numos
2869 3432 3021 3476 cum
3071 3413 3295 3497 capite
3339 3417 3433 3479 A·

1922 3509 2274 3594 grippinae
2294 3509 2549 3576 nostrae
2583 3509 2913 3574 habemus
2938 3507 3224 3593 signatos
3260 3506 3428 3572 Cae·

1924 3601 2387 3686 saraugustae,
2460 3617 2529 3666 et
2602 3611 2949 3688 Apameae
3036 3602 3425 3692 Bithyniae.

1925 3698 2112 3761 Male
2153 3696 2534 3781 posterioris
2577 3698 2788 3782 hujus,
2821 3698 3134 3766 coloniae
3179 3718 3421 3765 numos

1922 3793 2372 3871 Vaillantius,
2424 3806 2494 3858 et
2545 3795 3061 3880 Havercampus
3122 3794 3424 3876 tribuunt

1928 3886 2323 3972 Carthagini
2355 3888 2626 3954 Africae
2650 3937 2669 3969 ‚
2697 3909 2873 3954 -cum
2906 3891 3203 3977 legerent
3251 3890 3326 3956 C.
3365 3888 3419 3953 1.

1922 3982 2004 4045 C.
2044 4003 2166 4068 pro
2209 3981 2284 4047 C.
2322 3984 2372 4048 Ι.
2410 3983 2484 4047 C.
2521 3991 2603 4047 A.
2704 3986 3086 4050 Matonem
3124 3984 3423 4060 Morellif

1926 4097 2040 4160 us,
2094 4090 2162 4140 et
2197 4080 2715 4165 Havercampus
2761 4080 2954 4162 hujus
3010 4081 3422 4165 Agrippinae

1922 4185 2237 4237 monetae
2268 4174 2558 4238 inserunt
2597 4194 2868 4238 numum
2896 4222 2915 4251 ,
2967 4177 3032 4237 in
3070 4176 3252 4255 cujus
3301 4191 3418 4234 an-

337 4277 623 4337 tentiam
683 4276 852 4340 hanc
919 4279 1171 4341 invicte
1229 4269 1473 4336 stabilit
1540 4287 1842 4332 marmor
1917 4271 2088 4333 tica:
2140 4269 2654 4333 AGRIPPINA.
2718 4266 3083 4334 AVGVST
3087 4272 3168 4331 A.
3245 4269 3312 4331 in
3363 4274 3421 4344 ξς

407 4523 468 4586 a)
508 4519 581 4574 ad
620 4520 848 4591 Dionys.
886 4525 1005 4577 Peri

340 4599 456 4652 228.
502 4610 546 4650 ι,

1076 4565 1088 4577 .
1128 4544 1183 4578 v.
1215 4527 1336 4594 536.

721 4592 772 4655 e)
806 4591 1019 4647 Pococlx
1083 4594 1216 4660 nter.
1252 4604 1459 4662 ant-‘lh
1495 4595 1583 4654 46-
1620 4610 1672 4657 9·

1525 4522 1582 4586 b)
1620 4525 1678 4575 in
1714 4515 1967 4576 Αιολια.

2133 4524 2210 4587 ⁴c)
2255 4523 2402 4575 Ann-
2438 4523 2514 4582 ΙΙ.
2548 4536 2638 4591 54.
2830 4518 2886 4583 d)
2937 4511 3092 4580 Novj
3124 4518 3252 4574 thes.
3291 4535 3416 4593 pag.
3481 4483 3488 4494 -

2836 2085 3145 2146 Marmor
3194 2085 3378 2146 aliud
3411 2129 3431 2162 ,
3557 2130 3564 2137 .
