4225 5450
1926 640 1945 657 .
2017 579 2143 662 M.
2243 572 2896 697 LEvas..

1244 892 1257 899 -
1364 924 1377 934 .
1472 867 1574 936 M.
1681 812 2304 939 AEMILIVS‘
2381 867 2911 940 LEPIDVS
2999 810 3398 938 111711.

974 1014 1053 1128 ia
1087 1060 1362 1127 dissidio
1423 1059 1610 1125 civili
1674 1072 1902 1146 partes
1967 1060 2021 1126 ι.
2076 1057 2387 1128 caeraris
2503 1091 2534 1101 ..

871 1157 1191 1234 recum..
1224 1159 1308 1237 V,
1359 1154 1438 1222 C.
1477 1167 1612 1237 708
1681 1157 1863 1220 illius
1903 1155 1974 1218 in
2036 1156 2385 1222 consulatu

877 1253 1199 1338 conlega,
1251 1270 1430 1317 anno
1468 1251 1783 1335 sequente
1838 1249 2151 1337 magister
2201 1255 2384 1337 equi·

879 1358 1023 1412 tum
1056 1360 1320 1412 creatus
1363 1345 1491 1424 est,
1574 1367 1738 1413 mox
1808 1366 2101 1411 vacuum
2170 1349 2385 1411 caede

862 1441 1188 1507 Caesaris
1230 1441 1701 1528 pontificatum
1749 1444 2124 1506 maximum
2173 1440 2387 1506 abstu

2761 1062 3746 1229 M.Lm{¹(⁷g⁸111vffl.n.
3800 1152 3878 1232 Ρ
3897 1149 3968 1217 C.

2762 1252 2967 1339 Caput
2996 1255 3215 1337 Lepida·
3261 1250 3512 1319 nudum.

2473 1343 2680 1433 Caput
2719 1348 2820 1413 Μ.
2868 1349 3138 1417 Antonii
3151 1397 3175 1433 ,
3219 1349 3321 1414 vel
3373 1347 3725 1413 Octaviani.
3823 1344 3969 1409 AR.

2471 1441 2550 1509 ln
2591 1443 2883 1508 aliorum
2924 1445 3202 1509 aversa:
3253 1445 3425 1510 varin·
3460 1443 3711 1508 Illum
3768 1459 3967 1503 mone-

870 1538 973 1603 lit.
1069 1536 1427 1603 Profectus
1474 1538 1545 1602 in
1597 1538 2025 1623 provinciam
2086 1536 2386 1602 Galliam
2463 1536 2664 1616 tates,
2716 1540 3041 1631 Muffidins
3076 1541 3378 1626 Longus,
3431 1534 3972 1620 Livineius-raega-

828 1632 1423 1712 *Narbonensem‚
1499 1631 1808 1697 fervente
1868 1644 2010 1696 tum
2082 1635 2390 1711 maxime
2468 1630 2567 1699 lus
2606 1642 2713 1699 etc.
2765 1638 2912 1699 AV.
2966 1636 3161 1713 (Mus.
3216 1632 3439 1717 Caes.)

862 1726 1061 1791 bello
1114 1728 1469 1793 Mutinenfi
1522 1731 1594 1792 in
1664 1728 1895 1792 Gallia
1958 1727 2388 1813 transalpina

873 1823 1211 1908 tantisper
1243 1822 1544 1888 adhaesit
1577 1871 1597 1902 ‚
1660 1826 1858 1904 jusshs
1904 1843 1949 1888 a
2017 1826 2246 1887 senatu
2282 1826 2384 1889 M.

835 1921 1247 1983 'Antonium
1288 1919 1471 1984 bello
1510 1920 1833 2006 persequi.
1935 1923 2188 1985 Verum
2229 1940 2379 1984 cum

864 2013 1028 2079 hnic
1073 2016 1257 2102 apud
1297 2016 1635 2082 Mutinam
1679 2016 1908 2095 victo,
1960 2028 2028 2080 et
2098 2017 2167 2079 in
2222 2014 2380 2080 Gal·
2451 2014 2827 2100 fes-iculum,
2878 2036 3126 2085 corvus.

859 2110 1034 2176 iiam
1079 2108 1373 2198 profugo
1423 2110 1555 2175 [ive
1590 2111 1922 2199 perfidia,
1975 2110 2107 2176 five
2154 2112 2381 2176 incon·

858 2205 1040 2273 sulto
1080 2221 1261 2271 metu
1315 2208 1614 2293 legiones
1664 2206 1813 2272 suas
1884 2206 2322 2275 commififfet
2359 2257 2379 2291 ,

862 2300 1070 2369 hostis
1107 2305 1400 2388 prim-um
1434 2323 1479 2368 a
1528 2303 1756 2368 senatu
1789 2305 2130 2386 judicatus
2146 2294 2182 2385 ,‘
2203 2324 2382 2369 mox

2761 1723 3970 1811 M.LEP1D.cos.1MP.Capaedun·

2714 1826 2895 1890 cula
2911 1872 2930 1903 ,
2980 1824 3363 1912 asperginum
3378 1871 3398 1901 ,
3427 1824 3736 1912 secespita,
3785 1839 3969 1904 apex.

2470 1919 2570 1983 M.
2609 1919 2957 1986 ANTON.
3003 1919 3195 1987 COS.
3235 1922 3426 1986 IMP.
3465 1921 3728 1995 Limus,
3771 1934 3968 2001 prae-

3225 2016 3303 2079 In
3349 2015 3643 2079 denariis
3672 2061 3694 2095 ,
3745 2023 3810 2075 et
3829 2008 3970 2093 qui·

2468 2113 2699 2175 uariis.
2753 2111 3061 2197 (Motelli
3107 2112 3175 2175 in
3217 2110 3380 2176 fam.
3416 2115 3662 2174 Anton.
3685 2106 3833 2171 tab.
3872 2107 3965 2188 5.)

2549 2208 2953 2273 {MPnator
2990 2209 3059 2271 in
3093 2226 3295 2271 numo
3345 2206 3560 2271 altero
3593 2201 3970 2267 inscribitur

2465 2303 2803 2389 Lepidus,
2857 2305 3008 2387 qui,
3061 2317 3421 2385 antequam
3474 2302 3543 2362 id
3587 2316 3796 2385 genus
3855 2312 3963 2356 nu·

864 2418 915 2462 a
955 2400 1353 2465 coeuntibus
1390 2400 1464 2464 in
1497 2398 1871 2463 amicitiam
1919 2396 2263 2477 Antfifnio,
2315 2412 2383 2464 et
2465 2402 2560 2462 mi
2589 2397 2993 2474 ferirentur,
3043 2399 3418 2483 imperator
3455 2397 3698 2459 iterum
3746 2392 3966 2455 dictu-

855 2493 1255 2560 Dctaviano
1282 2498 1364 2558 in
1423 2494 1797 2557 Illviratus·
1832 2484 2242 2556 lbciet‘atem'
2261 2495 2380 2555 ad·

854 2589 1063 2654 Scitus
1099 2588 1189 2653 est
1222 2592 1307 2654 V.
1342 2588 1421 2652 C.
1438 2607 1526 2671 7¹
1551 2608 1575 2648 1
1603 2588 1862 2668 „eujus
1884 2586 2031 2648 fine
2069 2588 2226 2650 anni
2245 2587 2380 2651 Ro

857 2706 1061 2756 mam
1080 2683 1403 2768 ingr-emis
1424 2680 1907 2766 ·de··-1‘Iispanis
1958 2682 2378 2767 triumphum

860 2784 1023 2864 egit.
1126 2776 1729 2862 Inprovinciarum
1767 2775 2110 2841 sortitione
2143 2790 2379 2845 nactus

856 2874 1257 2959 Hispaniam
1280 2919 1300 2950 ,
1354 2869 1789 2955 Galliamque
1830 2872 2334 2960 Narbonensem
2357 2924 2379 2955 ,

858 2984 929 3035 et
970 2967 1193 3034 consul
1236 2971 1477 3033 iterum
1510 2970 1592 3034 V.
1626 2964 1703 3029 C.
1746 2984 1882 3049 712
1906 3016 1925 3045 ‚
1978 2964 2280 3033 Antonio
2313 2984 2380 3035 et

856 3068 1256 3131 Octaviano
1293 3065 1384 3127 ad
1418 3063 1517 3126 M.
1572 3063 1766 3126 Bruti
1813 3064 2374 3151 bellum-egressis

856 3161 1105 3227 ltaliae
1132 3161 1403 3223 interim
1438 3153 1807 3221 custodiam
1852 3158 2115 3225 habuit.
2247 3158 2373 3224 Ce-

856 3271 1077 3321 terum
1147 3266 1430 3341 propter
1502 3253 1881 3318 socordiam
1950 3256 2373 3342 contemptui

856 3352 1133 3418 habitus
1172 3351 1262 3416 ab
1302 3339 1689 3415 Octaviano
1732 3363 1857 3434 pro
1916 3348 2187 3428 Gallia,
2250 3350 2370 3426 Hi-

852 3448 1225 3537 spaniaque
1272 3446 1551 3511 biennio
1613 3444 1761 3530 post
1810 3447 2240 3531 provinciam
2280 3448 2369 3509 A·

702 3591 713 3596 -
853 3543 1103 3608 fricam
1141 3543 1411 3628 accipit.
1508 3540 1784 3604 Accitus
1817 3542 2060 3605 deinde
2111 3544 2203 3605 ad
2233 3541 2370 3605 bel·

857 3641 995 3703 lum
1030 3659 1184 3703 cum
1232 3638 1387 3702 Sex.
1423 3637 1755 3720 Pompejo
1793 3637 2185 3720 gerendum,
2223 3637 2371 3700 hoc

857 3734 1007 3798 fuso
1065 3733 1440 3818 fugatoque
1481 3748 1635 3792 cum
1685 3730 1950 3793 animos
2004 3729 2238 3795 stolide
2275 3730 2368 3795 ef·

778 3877 785 3884 .
855 3829 1104 3906 ferret,
1152 3825 1249 3890 ab
1291 3824 1679 3887 Octaviano
1736 3824 2160 3908 legionibuS,
2211 3845 2373 3910 pro-

857 3923 1081 3986 vincia
1100 3967 1127 4000 ,
1150 3919 1501 3984 mlvii-atu
1526 3931 1774 3982 exutus
1797 3921 1879 3982 V.
1906 3918 1983 3989 C.
2014 3940 2094 4002 7¹
2112 3935 2153 3994 8
2184 3922 2368 4007 apud

859 4018 1158 4099 Circeios
1193 4016 1512 4097 deinceps
1541 4012 1858 4097 privatus
1872 4014 2088 4078 vitam
2118 4017 2374 4102 exegit,

856 4125 1161 4177 mortuus
1202 4107 1411 4178 V.⁴C.
1456 4120 1614 4189 741·
1662 4167 1669 4176 ,
1715 4109 1889 4176 Vide
1948 4108 2120 4173 haec
2181 4111 2370 4197 apud

855 4210 1190 4287 Dionem,
1258 4204 1650 4292 Appianum
1687 4249 1708 4282 ,
1780 4201 2113 4270 Velleium
2137 4251 2160 4284 ‚
2245 4205 2369 4268 au.

854 4323 1093 4387 osque.

915 4602 979 4666 a)
1016 4600 1218 4672 Philip.
1256 4601 1420 4657 1111.
1458 4619 1593 4677 0.-4.

2444 4301 2587 4392 pite
2618 4301 2864 4389 Lepidi
2907 4303 3076 4390 ..sunt
3132 4301 3470 4380 rarissimi.

1800 4602 1862 4668 b)
1898 4603 2011 4658 nio
2047 4604 2117 4664 ι..
2154 4603 2364 4659 xun.
2391 4604 2432 4674 ’ς
2471 4619 2529 4681 ι.

2459 2496 2600 2575 jam
2634 2490 2764 2554 fuit
2799 2489 2956 2555 teste
2993 2492 3135 2579 ipso
3162 2492 3515 2567 Cicerone,
3567 2487 3634 2567 ⁸)
3686 2499 3755 2550 et
3790 2485 3966 2548 binis

2465 2584 2799 2670 epistolis,
2852 2606 3027 2669 quae
3061 2578 3204 2651 sunt
3246 2589 3419 2652 inter
3455 2584 3835 2649 familiares
3861 2578 3968 2644 ci·

2465 2681 2730 2746 ceronis
2755 2681 2846 2744 L.
2886 2683 2969 2746 X.
3015 2695 3133 2767 34.
3179 2704 3295 2769 35.
3397 2682 3632 2766 Neque
3665 2697 3836 2744 vero
3872 2674 3969 2738 so·

2460 2778 2603 2841 lum
2652 2777 2951 2862 legiones
2987 2779 3112 2841 sub
3144 2781 3208 2842 se
3248 2779 3524 2855 habuit,
3577 2777 3688 2841 sed
3727 2771 3970 2837 histri

2462 2873 2823 2958 umphavit
2859 2875 3114 2952 etiam,
3186 2871 3295 2936 etfi
3337 2895 3422 2937 ex
3472 2871 3660 2935 nulla
3719 2867 3974 2932 bellica

2459 2969 2706 3047 laude,
2759 2968 3055 3053 primum
3099 2971 3184 3036 V.
3206 2969 3295 3036 Ὁ.
3335 2980 3477 3050 708
3519 2987 3606 3032 ex
3638 2962 3971 3050 Hispania

2460 3064 2772 3128 citeriore
2808 3060 3088 3127 favente
3135 3066 3186 3129 l.
3226 3061 3550 3140 Caesare,
3601 3081 3772 3126 cum
3813 3073 3965 3120 non

2454 3156 2783 3237 haberet,
2854 3161 3072 3241 quod
3107 3161 3175 3223 in
3263 3157 3610 3244 triumpho
3683 3155 3970 3220 inferret

2456 3266 2731 3339 praeter
2787 3253 3172 3338 ademptas
3222 3254 3417 3319 sociis
3501 3254 3851 3338 pecunias.
3903 3236 3968 3329 ι)

2453 3349 2871 3435 Triumphus
2902 3348 3076 3412 alter
3110 3350 3173 3413 ei
3216 3370 3259 3414 a
3313 3350 3539 3414 senatu
3573 3346 3958 3427 v.·C.71·1

2453 3447 2753 3510 nondum
2810 3443 3063 3509 Illviro
3148 3443 3235 3519 R,
3291 3447 3366 3510 P.
3430 3444 3534 3510 C..
3587 3446 3904 3508 decretus
3944 3481 3965 3512 2
4047 3523 4054 3530 ⁸

2455 3540 2638 3622 quod
2682 3539 3124 3604 reconciliato
3169 3559 3321 3606 cum
3365 3559 3511 3626 rep.
3554 3541 3710 3605 Sex.
3761 3539 3968 3601 Pom·

2433 3636 2608 3719 ‚pejo
2657 3635 3059 3720 Hispaniam
3123 3633 3253 3699 fine
3305 3636 3616 3722 sanguine
3682 3649 3969 3718 recupe-

2450 3727 2762 3809 ravit.·⁰)
2863 3729 3007 3812 Ipse
3057 3730 3386 3815 ‚pontifex
3443 3732 3781 3794 maximus
3865 3730 3966 3789 in·

2452 3822 2809 3887 strumenta
2848 3822 3270 3908 pontificalia
3291 3826 3375 3906 fin
3410 3823 3966 3897 numo.ostentat,

2450 3929 2524 3983 ut
2561 3918 2895 3984 Antonius
2945 3936 3158 4004 augur
3199 3922 3574 4007 auguralia.
3857 3941 3878 3952 ‘

2719 4111 2918 4176 Numi
2962 4111 3284 4177 commatis
3321 4113 3666 4197 peregrini.

2551 4203 2754 4270 Vrbis
2781 4203 3017 4272 tabeo-ae
3059 4209 3338 4273 Graecae
3378 4208 3566 4272 numi
3627 4225 3775 4270 cum
3848 4223 3960 4269 ca·

3609 4300 3969 4388 Antipolis

2710 4608 2757 4672 c)
2798 4607 2909 4660 cic.
2945 4606 3085 4660 Pau.
3121 4608 3281 4661 xm.
3309 4591 3312 4594 ’
