4225 5450
1410 568 2327 662 GERMANICVS.

484 850 499 857 ,
594 777 1025 843 ΔΡΟΤΣΟΣ.

594 965 1021 1039 ΛΔΕΛΦΟῙ.
1057 966 1233 1030 Idem
1267 976 1469 1049 typus.

294 1064 585 1128 ΓΑΙΟΤ.
622 1061 1022 1124 Α’ΣΙΝΙΟΤ.
1063 1062 1615 1127 ΠΟΛΛΙΩΝΟΣ.
1659 1062 1823 1125 AN·-

297 1156 768 1223 ΘΤΠΑΤΟΤ.
813 1153 1062 1220 corona
1091 1175 1349 1242 querna,
1379 1159 1557 1222 intra
1586 1174 1813 1243 quam.-

295 1252 658 1318 ΚΟΙΝΟΤ.
680 1242 1641 1327 A21AE.AE.11.(1bid.)

1193 776 1803 851 ΓΕΡΜΑΝΙΚΟΣ.

595 871 1071 936 ΚΑΙΣΑΡΕΣ.
1107 871 1809 936 NE01.<·3E01.<1>1A-

3262 603 3392 653 211

1884 787 2127 861 gnatos
2162 770 2428 839 adserit.
2483 766 2545 856 ὅ)
2594 777 2748 841 Non
2807 779 2984 842 enim
3034 781 3237 843 credo
3296 802 3407 845 ne·

1889 866 2057 933 celse
2099 870 2250 947 esse,
2306 868 2615 981 proferre
2640 872 2955 957 exempla
2996 873 3274 939 honoris
3313 878 3410 940 di-

1888 965 2030 1027 vini
2071 964 2295 1028 adhuc
2338 965 2519 1028 vivis
2564 965 2838 1042 tributi,
2890 980 2953 1029 et
2999 969 3210 1057 multa
3246 970 3410 1047 sunt,

1897 1079 2073 1143 quac
2112 1057 2475 1144 prohibent
2535 1061 2857 1136 credere,
2929 1081 3046 1124 eos
3104 1077 3411 1128 mortuos

1896 1150 2246 1235 denique
2227 1174 2296 1216 m
2349 1156 2565 1217 numis
2606 1160 3022 1237 conjunctos.

1996 1250 2104 1311 Ad
2157 1260 2396 1332 typum
2437 1253 2619 1332 quod
2665 1252 2947 1327 attinet,
3000 1264 3281 1338 uterque
3317 1253 3413 1317 sa·

390 1348 464 1409 In
507 1345 612 1407 his
648 1347 867 1408 numis
918 1343 1193 1422 Drusus,
1248 1359 1317 1408 et
1367 1344 1810 1409 Germanicus
1899 1345 1991 1407 cri
2027 1343 2119 1406 sui
2169 1346 2463 1407 muneris
2497 1345 2895 1409 attributum
2957 1366 3162 1411 manu
3219 1369 3412 1434 prae-

296 1453 633 1505 vocantur
676 1441 971 1523 primum
1030 1441 1482 1518 ΑΔΕΛΦΟΙ,
1516 1439 1808 1525 fratres,

202 1572 207 1583 ·
298 1538 485 1621 quod
533 1533 723 1597 fuere
783 1554 919 1597 non
964 1549 1251 1612 natura,
1320 1535 1433 1599 sed
1500 1537 1812 1619 adoptio·

290 1651 421 1707 ne,
476 1631 573 1692 uti
606 1630 762 1691 satis
797 1650 915 1712 per
968 1632 1154 1692 vices
1207 1631 1462 1694 dictum
1515 1628 1645 1707 est,
1701 1631 1813 1692 de-

1896 1438 2051 1500 fert.
2153 1439 2294 1502 Eos
2358 1459 2523 1503 vero
2617 1438 2952 1505 fludiofius
3007 1444 3076 1505 in
3140 1457 3418 1507 moneta

1899 1536 2386 1617 proponendos
2435 1535 2699 1598 curavit
2749 1534 2824 1598 C.
2892 1538 3149 1601 Asinius
3189 1538 3412 1601 Pollio

1902 1628 2295 1713 proconsul,
2351 1630 2512 1712 quia
2547 1630 2743 1712 hujus
2793 1632 2991 1715 ipsius
3045 1631 3238 1697 Drusi
3289 1632 3419 1695 fuit

289 1727 453 1789 inde
504 1725 1110 1801 ΦΙΛΛΔΕΛΦΟῙ,
1149 1725 1402 1808 fratres
1441 1726 1565 1811 fist
1600 1735 1814 1790 mutuo
1899 1722 2113 1785 frater
2162 1725 2497 1800 uterinuS,
2552 1731 2892 1790 communi
2950 1730 3215 1810 utrique
3276 1747 3415 1790 ma-

290 1831 613 1897 ammes,
686 1839 901 1903 neque
950 1817 1137 1882 istud.
1177 1840 1299 1903 per
1342 1821 1810 1885 adulationem
1893 1832 1993 1881 tre
2023 1817 2348 1903 Vipsania
2413 1821 2790 1904 Agrippina
2820 1869 2838 1900 ‚
2883 1824 2976 1907 ‚de
3040 1843 3174 1906 quo
3217 1825 3418 1901 vide,

293 1914 703 1981 Graeculam
747 1915 1242 1978 Sardianorum
1269 1965 1290 1998 ‚
1345 1936 1388 1978 a
1420 1917 1664 2000 quibus
1691 1917 1812 1979 do-

1896 1916 2191 1998 quaein
2272 1916 2495 1977 numia
2575 1918 2788 1999 g'entis
2862 1919 3144 1984 Afiniae‘
3194 1920 3415 1983 docui.

292 2025 488 2077 cente
536 2028 741 2072 numo
771 2012 990 2094 primo
1034 2009 1268 2095 [ignati
1317 2011 1390 2073 bi
1438 2013 1669 2088 numi,
1744 2023 1818 2073 ut
1894 2008 2113 2071 Fuisse
2163 2026 2330 2072 vero
2370 2009 2850 2076 Germanicum
2905 2026 3227 2102 augurem
3261 2063 3283 2094 ‚
3352 2022 3427 2079 et·

150 2154 183 2179 .
285 2108 568 2172 subinde
614 2104 858 2167 Graeci
899 2102 1366 2180 caracallam,
1438 2119 1507 2170 et
1557 2106 1803 2170 Getam

184 2248 191 2253 -
288 2205 465 2267 inter
506 2202 565 2263 se
607 2200 999 2263 dissidentes
1032 2201 1468 2284 appellavere
1504 2203 1802 2282 φιλαδελ-

291 2302 457 2379 φυς,
510 2297 617 2359 sed
663 2315 750 2358 ex
794 2315 985 2360 vero.
1087 2296 1267 2358 Nam
1306 2296 1419 2360 etsi
1465 2297 1700 2375 divisa,
1738 2309 1806 2360 et

291 2395 546 2457 discors
582 2392 667 2452 iis
707 2411 842 2453 una
875 2389 1275 2454 viventibus
1299 2394 1461 2454 aula
1500 2392 1653 2468 fuit,
1703 2405 1804 2455 ta-

292 2491 447 2554 citis
478 2488 735 2549 hincin
776 2486 1084 2562 Drusum,
1109 2486 1292 2549 illinc
1326 2487 1807 2551 Germanicum

293 2582 566 2665 studiis,
616 2598 845 2644 tamen
913 2580 1161 2645 fratres
1213 2587 1478 2667 egregie
1534 2603 1813 2648 concor·

294 2681 456 2755 des,
509 2691 578 2742 et
660 2679 1130 2764 proximorum
1173 2681 1655 2744 certaminibus
1716 2682 1811 2743 in·

295 2776 599 2839 concussi
640 2775 957 2838 mansere.
1011 2773 1105 2855 ⁸),
1128 2772 1571 2841 Germanicus
1610 2779 1812 2859 item,

296 2890 453 2935 cum
495 2890 540 2933 a
571 2871 859 2934 Tiberio
904 2873 986 2932 V.
1030 2868 1104 2933 C.
1143 2886 1283 2948 770
1347 2873 1416 2933 in
1466 2873 1813 2936 Orientem

294 2968 713 3040 mitteretur,
764 2965 853 3028 ab
891 2967 1129 3027 itinere
1169 2968 1235 3052 in
1269 2967 1691 3030 Dalmatiam
1717 2968 1817 3028 di

290 3063 528 3137 vertit,
580 3074 654 3123 ut
676 3059 955 3124 fratrem
990 3059 1085 3122 ibi
1119 3077 1427 3144 agentem
1468 3063 1725 3126 viseret.
1750 3050 1814 3141 ¹’)

290 3159 549 3239 Neque-
585 3157 834 3219 Drusus
879 3156 1145 3232 Pisoni,
1203 3161 1422 3220 necati
1479 3179 1598 3242 per
1667 3156 1811 3219 infi-

291 3254 447 3317 dias
496 3250 881 3316 Germanici
910 3270 1051 3324 reo,
1104 3270 1397 3334 aequum
1438 3252 1565 3316 sese
1605 3250 1812 3316 osten·

289 3349 415 3413 dit.
470 3351 526 3428 e)
579 3351 928 3412 Vocantur
963 3346 1250 3430 denique
1286 3349 1521 3416 NEOl.
1570 3350 1810 3425 ΘΕΟῙ,

286 3448 438 3509 novi
476 3441 570 3507 dia·
597 3491 615 3520 ,
668 3441 833 3507 istud
894 3445 1045 3507 sane
1085 3462 1210 3526 pro
1258 3441 1676 3508 Graecorum
1704 3465 1811 3528 ge·

240 3542 451 3616 mio,
507 3541 621 3624 qui
679 3538 1049 3623 Olympum
1102 3537 1363 3602 colonis
1417 3541 1809 3625 implevere.

288 3635 450 3697 Non
491 3637 719 3718 placet
760 3633 1056 3698 Motellii
1088 3634 1452 3713 judicium,
1508 3638 1622 3718 qui
1656 3655 1811 3720 pro·

289 3744 451 3816 pter
486 3731 659 3793 haec
695 3731 837 3815 ipsa
877 3727 1179 3815 epitheta
1225 3742 1583 3816 utrumque
1612 3733 1680 3793 in
1703 3734 1814 3793 de·

293 3846 492 3889 orum
525 3845 875 3890 numerum
952 3823 1240 3888 relatum
1277 3870 1298 3902 ,
1348 3826 1611 3916 hosque
1690 3848 1816 3890 nu-

296 3942 450 3988 mos
534 3919 684 4009 post
762 3943 996 3988 eorum
1039 3940 1076 3981 e
1112 3920 1261 3985 vita
1346 3925 1680 3989 excelsum
1743 3921 1817 3986 fie

1894 2103 2242 2168 flaminem
2305 2103 2774 2189 Augustalem‚
2827 2110 3071 2175 docent
3120 2131 3418 2176 marmo-

1887 2220 1969 2261 ra
2017 2198 2326 2279 Gruteri,

1884 2297 2075 2359 citus.
2127 2292 2190 2375 8)

1983 2391 2209 2453 Etiam
2250 2390 2486 2455 functo
2529 2396 2673 2458 vita
2729 2392 3137 2460 Germanico
3196 2394 3412 2460 hono·

1892 2508 1998 2551 res
2038 2489 2401 2550 monetarii
2445 2490 2534 2553 ab
2572 2490 2849 2554 urbibus
2895 2489 3176 2554 Graecis
3220 2491 3418 2554 habi-

1892 2585 1987 2661 ti,
2039 2592 2109 2645 ct
2154 2584 2425 2667 quidem
2465 2587 2531 2648 in
2570 2588 2907 2651 consortio
2927 2589 3160 2650 uxoris
3181 2587 3414 2671 Agrip*

1891 2680 2156 2766 pinae,
2189 2679 2301 2742 vel
2340 2679 2458 2748 filii
2485 2680 2858 2768 Caligulae.
2965 2683 3210 2749 virum«
3233 2686 3412 2746 nemss

1892 2796 1981 2861 pe
2022 2774 2104 2837 sic
2138 2786 2416 2859 captare
2444 2775 2794 2863 Caligulae
2832 2775 3413 2856 benevolentiam,

1898 2890 2101 2954 quem
2139 2870 2208 2946 in
2246 2884 2561 2954 parentes
2599 2876 2863 2958 egregie
2927 2878 3112 2959 pium
3164 2879 3415 2939 videre.

1895 2966 2101 3029 Numi
2137 2965 2209 3026 hi
2267 2966 2498 3049 [ignati
2560 2971 2700 3032 sunt
2752 2974 2935 3054 apud
2996 2961 3420 3051 MytilenenJ

1897 3080 2071 3143 quae
2120 3062 2386 3145 utrique
2420 3064 2712 3127 honores
2763 3067 3032 3129 divinos
3090 3066 3415 3149 largitur,

1891 3155 2246 3219 scribendo
2305 3180 2319 3217 :
2373 3195 2379 3200 ·
2429 3160 2699 3225 ΘΕΟΝ.
2811 3162 3416 3226 ΓΕΡΜΛΝΙΚΟΝ.

1900 3253 2171 3316 ΘΕΑΝ.
2232 3255 2771 3319 ΛΓΡΙΠΠΙΝΑΝ
2807 3304 2826 3332 ,
2873 3248 2941 3338 ¹¹)
3010 3269 3155 3320 tum
3234 3257 3426 3342 apud

1897 3346 2257 3429 Smyrnam
2283 3394 2301 3425 ‚
2356 3348 2770 3434 Magnesiam
2815 3371 2861 3415 a
2900 3352 3143 3436 Sipylo
3169 3401 3188 3432 ,
3225 3350 3298 3435 ις)
3351 3357 3424 3415 ef.

1893 3442 2381 3524 Polyrhenium
2421 3443 2688 3509 Cretae.

1995 3536 2282 3602 Coloniae
2323 3537 2727 3619 Corinthus,
2811 3551 2878 3604 et
2967 3541 3207 3604 variae
3293 3561 3418 3627 per

1896 3631 2294 3717 Hispaniam
2357 3633 2764 3700 Germanico
2826 3637 3231 3699 dedicavere
3297 3657 3415 3717 nu-

1896 3747 2087 3803 mos,
2146 3741 2211 3790 et
2249 3728 2878 3817 caesaraugustani,
2956 3744 3026 3795 et
3100 3733 3418 3797 Oscenses
3501 3727 3508 3736 ’

1900 3842 1982 3887 eo
2016 3826 2160 3907 jam
2203 3837 2474 3889 mortuo
2509 3828 2886 3913 imperante
2905 3827 3247 3915 Caligula.

2381 2201 2441 2283 θ)
2497 2213 2565 2263 et
2626 2201 2862 2284 Sponii
2895 2254 2915 2284 ,
2969 2197 3024 2287 ι)
3073 2221 3216 2270 tum
3272 2209 3416 2272 Ta·

368 4384 421 4442 a)
460 4383 599 4438 Tae.
636 4384 791 4443 Anu,
827 4383 903 4436 11.
1012 4421 1027 4436 .
1221 4381 1284 4451 b)
1322 4384 1362 4445 l.
1399 4400 1444 4437 c.
1477 4397 1568 4453 53.
1762 4378 1890 4447 c)l
1929 4398 1976 4441 ο
2013 4382 2119 4435 111.
2155 4391 2211 4445 8,
2402 4377 2461 4442 d)
2497 4379 2732 4464 specim.
2771 4396 2830 4449 p.
2872 4394 2991 4447 ¹57·
3184 4378 3237 4444 e)
3269 4395 3422 4450 pag,-

290 4453 417 4580 336..
446 4464 506 4573 ἒ.
724 4452 768 4520 f)
804 4450 976 4507 Misce
1023 4491 1039 4507 .
1073 4466 1130 4522 p.
1170 4453 1291 4506 266.
1530 4452 1583 4523 g)
1618 4449 1770 4505 Anu.
1808 4448 1855 4501 1.
1894 4453 1982 4522 62.
2243 4448 2302 4516 h)
2345 4447 2565 4502 Metelli
2600 4449 2783 4521 Impp.
2820 4448 2988 4500 Tom.
3027 4446 3074 4499 1.
3113 4464 3243 4522 pag.
3278 4462 3444 4518 534

2772 4591 3062 4657 an.
