4225 5450
1418 584 2321 673 GERMANICVS.

3135 610 3146 619 ‘
3278 616 3438 686 2092

305 800 550 868 Pisone
588 776 972 884 propinati,
1021 809 1463 882 mortuusque
1527 794 1615 862 est
1670 797 1824 884 Epi·
1909 799 2185 879 ejusque
2224 811 2377 857 cum
2421 789 2777 874 corporis,
2850 803 2992 858 tum
3044 792 3253 857 animi
3309 794 3448 858 deae

310 896 584 981 daphne
606 899 798 975 juxta
839 895 1271 957 Antiochiam
1308 895 1419 956 die
1454 894 1572 956 IX.
1617 891 1826 953 Octo·
1909 909 2073 954 cora
2097 937 2118 967 ,

2209 886 2677 951 fortitudinem
2714 933 2734 964 ,
2815 887 3205 971 ingenium,
3289 889 3427 954 elo·

308 991 473 1053 bris.
526 992 591 1069 ⁸)
644 988 1122 1072 Ejusvulgata
1162 1008 1346 1051 mors
1382 985 1825 1064 incredibile,
1910 986 2279 1069 quantiam,
2334 983 2847 1063 doctrinamque
2879 982 3426 1066 praecellentem,

307 1088 566 1169 qnanto
626 1084 906 1160 dolore,
980 1082 1211 1162 luctu,
1291 1082 1827 1147 consternatione

307 1199 436 1264 per
468 1177 861 1261 imperium,
915 1189 1121 1261 atque
1175 1181 1242 1241 in
1300 1179 1444 1263 ipsa
1483 1177 1652 1241 urbe
1708 1194 1828 1260 pa-

305 1274 453 1337 lam
489 1284 776 1357 accepta
815 1271 922 1350 fit,
974 1274 1240 1337 nemine
1284 1271 1402 1336 fibi
1447 1273 1539 1337 ab
1576 1270 1832 1356 apertis

303 1370 381 1432 in
445 1366 808 1431 Tiberium
877 1368 1303 1434 contumeliis
1387 1369 1829 1442 moderante,

313 1483 520 1548 quem
558 1464 939 1527 communis
982 1484 1163 1548 vox,
1213 1464 1486 1530 occulto
1518 1460 1688 1545 jussu
1721 1460 1829 1522 Pi·

204 1602 215 1607 -
312 1558 496 1623 sonis
528 1557 877 1621 ‘veneficiis
926 1557 1264 1643 objectum
1311 1557 1833 1632 Germanicum,

309 1651 673 1738 arguebat.
768 1653 1006 1737 Neque
1037 1656 1274 1717 deerat
1316 1653 1615 1717 orationi
1642 1650 1836 1715 fides.

216 1766 223 1771 “
308 1750 495 1814 Nam
543 1767 632 1810 an
686 1749 963 1811 ausuros
1014 1748 1364 1828 Pisonem,
1450 1760 1520 1811 et
1566 1745 1836 1811 Planci-

307 1863 475 1909 nam
502 1843 733 1929 palam
766 1842 1153 1908 obtrectare
1190 1843 1461 1908 Caesari
1486 1860 1637 1905 cum
1672 1842 1835 1903 sum·

1914 1082 2306 1142 comitatem
2349 1079 2418 1138 in
2455 1075 2702 1154 socios,
2750 1077 3323 1141 mansuetudinem
3361 1080 3432 1142 in

1915 1172 2134 1237 hostes
2180 1171 2610 1256 amplissimis
2646 1170 2962 1235 laudibus
3008 1173 3333 1238 extulere.
3365 1164 3431 1257 1’)

1915 1270 2075 1351 Ejus
2120 1269 2375 1334 cineres
2408 1267 2497 1330 ab
2534 1260 2909 1352 Agrippina
2959 1287 3171 1331 uxore
3210 1268 3435 1352 exSy·

1916 1366 2020 1426 ria
2068 1367 2365 1427 Romam
2412 1360 2625 1425 delati
2662 1362 2728 1424 in
2790 1360 3064 1450 Augusti
3128 1363 3433 1452 sepulcro

1918 1461 2170 1524 conditi
2206 1458 2375 1522 sunt.

2013 1558 2208 1619 onr
2243 1554 2666 1639 Agrippina,
2721 1556 2804 1617 de
2859 1575 2995 1642 qua
3034 1553 3237 1622 infra.

2014 1649 2269 1715 Liberi.
2370 1651 2641 1713 Novem
2680 1670 2765 1714 ex
2826 1652 3205 1736 Agrippina
3240 1653 3429 1738 tulit,

1918 1744 2030 1809 sex
2113 1746 2388 1829 reliquit
2466 1744 2877 1829 superstiteS,
2939 1747 3294 1829 Neronem,
3370 1761 3440 1812 et

1917 1842 2200 1928 Drusum
2233 1839 2596 1923 Caesares,
2649 1843 2733 1903 de
2771 1840 3012 1922 quibus
3050 1842 3269 1922 infra,
3322 1842 3435 1910 Ca-

311 1959 436 2003 ma
468 1935 798 2024 potestate
835 1938 904 2001 in
945 1939 1296 2005 Orientem
1330 1938 1562 2021 misso,
1612 1936 1729 2000 nifi
1765 1935 1837 1997 id
1904 1940 2049 2024 jum
2084 1938 2337 1999 dictum
2358 1934 2725 2018 Caligulam.
2777 1935 3086 2001 Duorum
3117 1931 3458 2024 filiorum,'

308 2032 436 2097 fibi
475 2052 605 2119 per
631 2031 991 2098 Tiberium
1044 2046 1113 2097 et
1148 2034 1395 2098 Iuliam
1452 2034 1657 2096 licere
1705 2048 1835 2095 no-

309 2128 611 2193 vissent?
658 2129 745 2191 Et
781 2127 1130 2194 constabat
1174 2131 1354 2207 satis,
1403 2128 1684 2192 invisum
1715 2126 1839 2191 Ti·

311 2224 514 2287 berio
559 2221 1066 2303 Germanicum,
1119 2246 1320 2308 quem
1348 2237 1627 2310 propter
1658 2240 1840 2283 com·

312 2337 589 2382 munem
686 2318 927 2403 populi
1032 2320 1417 2396 adfectum,
1494 2331 1561 2381 et
1642 2317 1838 2394 hujus

307 2411 821 2477 inflammatum
859 2414 1211 2480 adversum
1241 2414 1303 2477 se
1356 2415 1589 2477 odium
1638 2428 1840 2495 para-

296 2521 466 2577 .tum
502 2507 933 2574 successorem
960 2511 1328 2575 metuebat.

310 2701 429 2765 sae
469 2700 754 2762 deorum
790 2720 994 2786 arae,
1042 2713 1371 2788 tanquam
1427 2700 1701 2786 imperii
1738 2699 1837 2785 pi·

316 2814 492 2884 gnus
533 2795 715 2858 male
750 2752 1279 2876 custodiviss'ent‚
1334 2798 1646 2882 lapidata
1668 2807 1837 2858 tem·

315 2889 491 2978 pla,
538 2889 719 2953 lares
765 2892 832 2954 in
880 2891 1224 2986 publicum
1279 2893 1550 2975 abjecti.
1649 2891 1836 2976 Ipsos

318 2988 534 3050 etiam
569 2985 902 3050 barbaros
929 2989 1143 3050 tenuit
1171 2988 1535 3066 miseratio,
1589 2999 1656 3049 et
1690 2999 1838 3050 erat

316 3081 675 3167 quoddam
712 3082 900 3144 velut
924 3080 1237 3164 justitium
1272 3103 1408 3146 non
1460 3085 1835 3169 perimpe·

311 3178 498 3244 rium
548 3178 757 3239 modo
796 3179 917 3253 R.,
971 3177 1080 3239 sed
1141 3197 1262 3264 per
1317 3189 1537 3241 totum
1623 3191 1832 3241 terra-

309 3290 466 3339 rum
512 3270 748 3334 orbem
782 3272 1131 3336 indictum.
1231 3274 1407 3342 Sane
1441 3291 1578 3336 non
1628 3271 1838 3338 habet

313 3369 545 3433 omnis
587 3368 835 3430 aetatis
872 3369 1206 3433 memoria
1222 3369 1389 3433 inde
1419 3366 1509 3430 ab
1542 3368 1832 3432 Alexan·

315 3466 449 3528 dro
489 3464 587 3524 M.
622 3462 877 3539 a'lium,
928 3466 1118 3545 cujus
1158 3481 1342 3526 mors
1378 3475 1521 3525 tam
1562 3463 1832 3543 acerbe,

250 3567 256 3574 ‘
317 3578 405 3623 ac
446 3555 686 3620 dolore
740 3559 984 3644 ·magis
1050 3558 1297 3622 sincero
1384 3572 1670 3643 accepta
1719 3558 1833 3638 fit,

312 3672 539 3736 neque
594 3654 665 3714 id
726 3653 937 3716 solum
995 3667 1327 3739 concepto
1385 3674 1470 3716 ex
1521 3667 1838 3739 tempore
1902 3667 1907 3671 ’

312 3749 529 3829 luctu,
582 3767 816 3811 verum
846 3749 915 3814 in
949 3750 1198 3813 multos
1237 3769 1450 3814 annos
1484 3750 1832 3813 continua·

308 3841 575 3924 ⁶10,fic
610 3854 685 3906 ut
720 3844 789 3905 in
820 3848 958 3925 ejus
992 3843 1367 3908 liberorum
1395 3844 1594 3908 rebus
1633 3845 1833 3908 laetis

312 3948 602 4025 propter
630 3950 979 4022 parentem
1020 3942 1390 4023 gauderent
1418 3960 1551 4004 una
1579 3941 1831 4002 Roma-

313 4035 433 4110 ni,
442 4044 557 4094 et
590 4033 898 4100 dolerent
941 4037 1010 4098 in
1053 4034 1368 4098 adversis.
1467 4032 1833 4097 Nactusest

314 4129 593 4194 virtutis
625 4128 779 4192 suae
827 4147 1200 4213 praecones
1236 4147 1508 4211 omnes,
1559 4130 1831 4210 quicun-

319 4241 455 4307 que
494 4242 603 4286 res
644 4225 990 4288 Romanas
1062 4224 1278 4288 literis
1314 4223 1786 4307 consignavere
1811 4268 1830 4300 ,

1922 2032 2031 2096 sed
2068 2032 2182 2113 qui
2238 2027 2533 2091 infantes
2589 2032 2840 2094 mortui
2902 2033 3087 2119 sunt,
3155 2036 3440 2098 nomina

1927 2126 2331 2212 conservant
2365 2123 2629 2207 lapides
2670 2127 2807 2189 duo
2857 2140 3013 2189 ante
3062 2149 3278 2192 annos
3300 2149 3439 2194 non

1924 2221 2175 2285 multos
2219 2222 2288 2281 in
2330 2218 2495 2281 urbe
2524 2219 2750 2283 versus
2794 2234 3066 2304 portam
3111 2223 3437 2287 Flamini-

1928 2335 2038 2378 am
2075 2316 2272 2380 eruti.
2353 2314 2430 2376 In
2471 2314 2714 2376 horum
2731 2333 2916 2378 ιιιιο.
2979 2314 3268 2382 Tiberius
3289 2318 3441 2384 Cae-

1905 2412 2028 2497 sar
2068 2410 2422 2475 Germanici
2485 2411 2763 2496 Caesaris
2827 2411 2905 2475 F.
2980 2410 3076 2478 liic
3134 2425 3441 2480 crematus

1428 2510 1583 2572 Non
1625 2505 1841 2570 tenuit
1926 2509 2021 2593 est.
2127 2507 2203 2568 In
2243 2506 2428 2569 alio:
2486 2503 2554 2573 C.
2598 2506 2824 2593 Caesar
2878 2507 3232 2575 Germanici
3279 2511 3436 2575 Cae-

312 2605 603 2684 modum
643 2606 881 2689 populi
902 2606 1320 2692 indignatio,
1302 2633 1317 2649 ·
1371 2625 1531 2669 nam
1569 2602 1837 2668 subver·
1908 2604 2089 2690 saris
2127 2604 2203 2669 F.
2253 2601 2352 2665 liic
2391 2614 2698 2669 crematus
2733 2605 2831 2690 fi.

2930 2600 3006 2668 In
3035 2608 3240 2671 tertio
3267 2606 3436 2671 Cae·

1923 2698 2087 2762 saris
2127 2717 2373 2762 nomen
2415 2700 2731 2763 extritum
2764 2710 2993 2785 vetat,
3046 2720 3182 2786 quo
3216 2704 3435 2767 minus

1923 2795 2228 2858 omnium
2268 2792 2383 2856 sex
2417 2792 2783 2858 liberorum
2829 2797 3120 2861 marium
3156 2800 3437 2864 nomina

1919 2895 2294 2954 teneamus.
2348 2885 2410 2971 ι“)
2541 2891 2720 2954 Tres
2808 2891 3000 2956 sexus
3071 2891 3434 2975 feminini,

1918 2986 2393 3071 Agrippinam,
2444 2985 2531 3047 de
2569 3005 2748 3069 qua,
2800 3006 2951 3049 cum
2987 2985 3193 3053 fuerit
3222 3004 3438 3077 nupta

1870 3133 1883 3143 .
1921 3079 2254 3155 Claudio,
2310 3091 2544 3163 agetur
2573 3079 2718 3166 post
2750 3080 2946 3162 hujus
3000 3083 3270 3170 Augusti
3315 3103 3433 3148 nu-

1917 3195 2069 3239 mos
2093 3221 2113 3251 ,
2163 3175 2491 3263 Drusillam
2511 3221 2530 3252 ,
2584 3187 2651 3236 et
2703 3175 2936 3241 Iuliam
3015 3178 3321 3246 Liuillam.
3374 3174 3432 3260 ἆ)

1915 3271 2024 3335 De
2061 3273 2364 3351 utraque
2382 3289 2579 3354 agam
2615 3269 2797 3335 infra
2848 3269 2994 3357 post
3045 3274 3430 3363 Caligulam

1915 3367 1988 3431 in
2018 3365 2214 3445 huius
2244 3364 2606 3430 sororibus.
3359 3443 3402 3486 u

2060 3556 2264 3622 Numa·
2314 3557 2666 3623 Germanici
2712 3578 2780 3623 eo
2844 3561 2987 3625 vivo
3016 3560 3283 3648 stgnati.

2207 3744 2821 3817 GERMANICVS.
2846 3749 3217 3816 CAESAR.
3262 3753 3426 3819 Ger·-

2208 3845 2484 3908 manicas
2535 3847 2604 3908 in
2647 3844 2984 3932 quadrigis
3034 3848 3430 3935 triumphali-

2207 3934 2361 4011 bus,
2394 3938 2456 4023 s.
2482 3940 2816 4026 scipionem
2852 3964 2982 4006 cum
3021 3945 3253 4028 aquila.

1916 4027 2226 4096 SIGNIS.
2260 4031 2634 4099 RECEPT.
2673 4035 3120 4100 DEVICTIS'.
3139 4037 3422 4104 GERM.
3463 4090 3485 4109 .

1916 4127 1982 4190 S.
2018 4126 2094 4190 C.
2153 4128 2558 4191 Germanicus
2601 4128 2945 4212 paludatas
2970 4134 3152 4217 stans
3186 4132 3247 4196 d.
3316 4154 3430 4198 ex·-

1916 4232 2087 4286 tenta
2107 4269 2129 4300 ,
2164 4223 2221 4309 s
2269 4222 2542 4307 aquilam
2577 4223 3008 4308 legionariam.
3110 4225 3253 4290 ΑΕ.
3296 4232 3376 4294 11.

290 4383 3443 4419 ww-

386 4465 443 4531 a)
484 4461 731 4514 Kalend.
769 4473 961 4514 marm.
1000 4458 1131 4513 Anti
1133 4473 1213 4518 at.

274 4533 499 4584 2Verrii
482 4549 607 4600 1.p
639 4547 759 4597 ¹3²·
949 4526 1582 4599 ᾢὸωιῶῦαϋᾶσ
1620 4543 1672 4594 7.

362 4605 602 4685 (.Vot
662 4604 828 4689 VI.)

1409 4457 1469 4518 b)
1508 4454 1665 4519 Suet
1695 4461 1757 4512 in
1791 4457 1913 4513 Cal.
1950 4475 1994 4511 e.
2037 4478 2060 4512 ι
2099 4455 2210 4528 seq.
2247 4455 2407 4519 Dio,
2444 4457 2686 4511 Tacitus.

2933 4462 2983 4524 e)
3017 4457 3246 4532 Fogginl
3280 4462 3434 4518 Fam

2871 4601 2936 4665 D
2991 4605 3041 4667 d
