4225 5450
702 3403 713 3410 ‘
814 3393 944 3442 tur.
1048 3377 1201 3440 Non
1240 3397 1411 3462 nego
1449 3377 1683 3443 vidiss'e
1710 3425 1728 3454 ‚

815 523 949 599 2¹28

1930 474 2714 586 'caanvruahw

812 723 925 769 um
954 746 974 779 ,
1022 701 1093 764 in
1134 698 1331 784 hujus
1382 704 1602 768 numis
1663 706 1753 770 ad
1802 724 2049 770 annum
2093 708 2179 772 V.
2236 706 2313 772 C.
2399 708 2618 771 numis
2648 707 2976 771 Romanis
3011 705 3163 771 usus
3201 726 3336 773 non
3384 704 3491 775 est.
3590 708 3762 776 Eum
3811 725 3920 780 ta.

815 817 951 882 757
989 797 1302 863 diximus.

1445 803 1648 883 Atqui
1718 802 2075 866 secundum
2141 803 2320 866 hanc
2397 823 2553 865 men
2622 802 2722 865 illi
2809 803 3098 867 tribuit
3123 823 3363 869 numus
3413 805 3674 883 Mileti,
3730 807 3795 892 ⁶)
3848 824 3919 874 et

808 892 1021 977 ipsam
1070 894 1286 977 legem
1332 893 1778 1007 Rhescuporis
1814 898 2109 982 Bospori
2157 918 2318 974 rex,
2396 896 2721 961 nonnulla
2762 916 3128 964 marmora.
3228 900 3304 963 In
3347 900 3570 964 numia
3612 900 3915 969 colonia·

812 989 1006 1072 quii
969 988 1006 1049 s
1015 987 1086 1050 bi
1117 988 1387 1051 Tiberii
1428 993 1702 1055 nomina
1740 992 2031 1073 addidit,
2080 993 2210 1057 sese
2248 993 2319 1055 in
2398 1013 2548 1055 rum
2590 990 2953 1076 Hispaniae
3009 994 3205 1077 saepe
3260 995 3509 1058 dieitur
3554 997 3743 1062 IMP.
3807 1001 3918 1063 in·

810 1083 1032 1145 numis
1105 1100 1239 1145 non
1310 1083 1484 1147 dixit
1574 1086 1889 1153 Tiberium
1953 1087 2319 1168 Claudum,

2406 1085 2536 1150 star
2573 1088 3018 1171 cognominis,
3117 1088 3222 1151 De
3277 1088 3410 1153 hoc
3435 1091 3663 1155 titulo
3711 1092 3915 1159 latius

811 1178 920 1240 sed
967 1176 1280 1243 Tiberium
1321 1177 1567 1246 Iulium.
1667 1183 1976 1265 Denique
2038 1185 2320 1248 nimium
2402 1183 2508 1270 egi
2548 1183 2745 1268 supra
2780 1183 2851 1246 in
2890 1184 3110 1247 numis
3145 1185 3233 1247 ad
3268 1190 3618 1250 annumV.
3647 1186 3724 1252 C.
3746 1208 3908 1273 790.

810 1274 1079 1336 incaute
1118 1274 1389 1358 egissent
1425 1275 1731 1355 Ilienses,
1785 1277 1826 1340 fi
1879 1278 2151 1343 Claudii
2201 1299 2318 1343 no·

809 1387 962 1430 rnen
1006 1368 1327 1431 dedissent
1353 1364 1775 1457 Caligulae*
1811 1394 2008 1457 quem
2033 1377 2174 1457 iam
2195 1375 2321 1439 Ti·

810 1461 1045 1526 berius
1084 1462 1470 1529 observavit
1493 1467 1917 1534 Claudianae
1955 1470 2241 1533 domui
2222 1491 2316 1533 in·

810 1556 1066 1623 sensum
1091 1605 1111 1635 ,
1165 1571 1232 1621 et
1276 1557 1397 1623 soli
1465 1576 1774 1629 materno
1833 1568 2059 1648 generi
2119 1566 2321 1629 addi·

813 1664 1016 1719 ctum.
1046 1661 1101 1734 ι)
1136 1654 1500 1738 Oportebit
1527 1679 1688 1743 ergo
1709 1659 1888 1722 hunc
1907 1679 2186 1723 numum
2206 1671 2325 1724 aut

814 1749 1039 1825 dicere
1080 1748 1439 1814 confictum
1465 1801 1484 1832 ,
1538 1768 1656 1817 aut
1690 1754 2102 1840 epigraphen
2143 1756 2324 1818 male

811 1844 1058 1909 lectam
1085 1894 1104 1925 ,
1156 1857 1277 1910 aut
1314 1862 1491 1913 certe
1522 1849 1790 1913 Ilienses
1822 1850 2033 1915 moris
2073 1844 2323 1915 Roma·

807 1943 877 2006 ni
910 1944 1210 2028 ignaros.

1365 2138 1773 2225 Caligula.

911 2233 1079 2295 Dixi
1122 2233 1496 2321 principio,
1550 2236 1724 2300 hunc
1768 2235 2156 2300 Germanici
2199 2233 2322 2301 fili-

816 2348 929 2393 um
968 2346 1087 2392 ore
1122 2328 1305 2414 vulgi
1350 2329 1730 2415 Caligulam
1773 2331 1964 2394 fuiss'e
2018 2330 2327 2416 appella-

815 2438 961 2487 tum
995 2425 1268 2508 adjecta
1295 2429 1436 2510 ejus
1458 2428 1750 2489 nominis
1787 2426 2005 2489 causa.
2107 2429 2325 2488 Atve-

814 2540 895 2584 no
931 2520 1273 2606 plebeium
1314 2518 1481 2584 istud
1512 2540 1757 2584 nomen
1794 2520 2023 2583 ausum
2058 2516 2326 2582 non'est

813 2615 1063 2680 inferre
1108 2610 1351 2698 pedem
1400 2617 1468 2678 in
1527 2628 1965 2680 monumenta
2008 2613 2324 2698 publica,

813 2727 955 2776 tam
997 2730 1236 2796 parum
1267 2758 1287 2788 ‚
1340 2731 1543 2795 quam
1611 2711 1812 2778 serius
1852 2711 2133 2774 nomina
2197 2707 2323 2772 Ca-

811 2807 1152 2883 racallae,
1205 2817 1270 2867 et
1304 2805 1697 2889 Elagabali,
1749 2805 1914 2868 illud
1964 2825 2086 2891 per
2139 2805 2325 2889 igno-

813 2903 1095 2968 miniam
1127 2901 1361 2963 datum
1400 2900 1633 2964 Severi
1673 2900 1854 2978 filio,
1925 2900 2057 2962 hoc
2118 2899 2319 2961 Soae·

814 2996 1061 3061 miadis
1097 2993 1265 3056 filio.
1369 2995 1524 3058 Non
1567 3009 1792 3059 tamen
1823 2995 1933 3059 hic
1987 2987 2323 3080 praetere-

814 3093 1067 3156 undum
1100 3137 1121 3169 ,
1176 3090 1361 3172 quod
1414 3087 1621 3153 refert
1667 3090 1957 3178 Pagius,
2010 3080 2075 3170 ¹²)
2126 3087 2327 3151 testa-

812 3187 954 3249 t‘um
1002 3186 1432 3250 Toinardum
1462 3231 1482 3262 ,
1538 3187 1597 3249 se
1663 3207 1937 3249 numum
1986 3181 2327 3247 Graecum

813 3280 1083 3359 vidiss‘e,
1131 3281 1200 3344 in
1234 3300 1373 3364 quo
1408 3279 1740 3367 Caligulae
1774 3299 2022 3346 nomen
2059 3277 2325 3365 legeba-

1782 3377 1889 3440 sed
1922 3394 2199 3441 numum
2219 3370 2322 3440 fu-

815 3474 927 3538 iss'e
973 3475 1362 3557 antiquum,
1416 3490 1591 3560 nego
1648 3485 1854 3560 atque
1905 3487 2225 3558 pernego,

1308 3667 1831 3749 Imperator

2783 1375 3054 1439 Pater
3143 1378 3446 1458 patria
3468 1395 3522 1441 e.

2499 1467 2794 1550 Quando
2828 1469 3007 1533 hunc
3047 1469 3338 1533 titumm-
3353 1470 3470 1534 [ibi
3532 1472 3870 1538 addiderit
3892 1523 3912 1551 ,

2405 1563 2704 1629 diximus
2751 1565 2843 1643 ad
2875 1585 3124 1628 annum
3158 1565 3243 1628 V.
3278 1563 3357 1628 C.
3399 1586 3558 1651 79¹·

2982 1755 3309 1842 Augur.

2507 1850 2784 1935 Legitur
2812 1850 2883 1913 in
2924 1866 3172 1928 numo,
3241 1871 3439 1935 quem
3520 1852 3612 1916 ad
3664 1872 3911 1917 annum

2406 1949 2493 2012 V.
2534 1944 2611 2010 C.
2650 1965 2790 2030 790
2827 1945 3197 2032 proposui,
3250 1959 3320 2011 et
3354 1948 3721 2034 explicavi.

2851 2138 3459 2225 ‘Ger-manicas.

2504 2233 2700 2295 Hunc
2773 2233 3042 2296 titulum
3116 2232 3594 2297 hereditarium
3675 2234 3916 2302 habuit

2408 2343 2452 2393 a
2490 2338 2685 2411 patre
2736 2340 2802 2389 et
2842 2347 3000 2391 avo.
3103 2327 3204 2391 Eo
3239 2330 3306 2391 in
3350 2330 3569 2393 numis
3618 2331 3773 2394 inde
3819 2330 3913 2397 ab

2408 2440 2585 2485 anno
2628 2425 2712 2484 V.
2760 2420 2837 2486 C.
2897 2441 3030 2502 792
3097 2420 3360 2506 signatis
3411 2424 3561 2488 usus
3616 2426 3914 2511 amplius

2405 2535 2539 2582 non
2584 2513 2712 2595 est,
2766 2529 2840 2579 ut
2873 2519 3129 2581 dictum
3176 2520 3264 2581 ad
3305 2518 3484 2584 hunc
3541 2540 3812 2586 annum.

2892 2708 3156 2775 Tituli
3254 2711 3431 2775 alii.
3696 2743 3700 2748 ·

2501 2798 2708 2866 Teste
2728 2800 3050 2867 Suetonio
3088 2796 3145 2882 ὖ)
3197 2804 3562 2869 dictusfuit
3591 2808 3776 2885 Pius,
3809 2811 3920 2874 Fi·

2407 2897 2528 2962 lius
2560 2897 2920 2981 cefiroram,
2972 2897 3173 2965 Pater
3222 2905 3551 2982 exercitus,
3606 2905 3920 2985 Optimus,

2407 2993 2779 3070 Maxumus,
2831 3005 2897 3055 et
2961 2993 3116 3057 teste
3173 2997 3425 3059 Ioanne
3489 2997 3917 3061 Antiocheno

2407 3088 2613 3151 etiam
2631 3087 3039 3154 Britannicus
3057 3110 3143 3153 ex
3157 3091 3415 3154 vitiatis
3436 3091 3916 3156 Britannorum

2404 3182 2684 3258 scottia,
2768 3195 2840 3246 ut
2886 3185 3182 3248 diximus
3257 3187 3346 3249 ad
3402 3205 3651 3249 annum
3708 3189 3793 3250 V.
3830 3188 3914 3253 C.

2411 3295 2570 3361 790.
2673 3276 2979 3344 Bacchum
3009 3282 3214 3344 etiam
3235 3293 3557 3345 vocatum
3581 3326 3605 3356 ,
3655 3293 3724 3345 et
3742 3283 3920 3346 Bac-

2403 3373 2673 3442 chicam
2722 3370 2971 3440 vestem
3031 3376 3338 3438 indutum
3409 3376 3772 3461 prodiviss'e
3845 3379 3919 3440 in

2404 3468 2777 3555 publicum,
2828 3482 3060 3536 narrat
3090 3470 3498 3535 Athenaeus.
3551 3468 3612 3555 e)
3660 3474 3917 3537 Verum

2405 3566 2536 3629 hos
2570 3565 2804 3628 titulos
2844 3564 2950 3629 seu
3000 3566 3090 3630 ab
3122 3565 3556 3641 adulatione,
3637 3564 3752 3630 seu
3815 3568 3916 3629 in·

2410 3660 2901 3742 temperantia,
2950 3660 3063 3723 seu
3123 3660 3607 3743 malevolentia
3670 3679 3916 3726 conce·

910 3759 1062 3825 Hoc
1102 3759 1309 3825 <titulo
1365 3773 1692 3846 tanquam
1763 3758 2206 3850 praenomine
2260 3759 2331 3822 in
2411 3768 2568 3841 ptos
2607 3754 2888 3822 reticent
2921 3757 3147 3834 numi,
3199 3768 3267 3821 et
3297 3773 3672 3824 marmora.

2086 3948 2628 4019 PRETIVM.

1008 4143 1213 4208 Aurei

1006 4240 1327 4325 Argentei

888 4480 944 4544 a)
979 4478 1138 4531 Phae
1176 4478 1365 4549 Legat.
1405 4475 1479 4529 ad
1517 4476 1613 4543 Caj
1619 4491 1711 4528 um
1745 4490 1804 4547 p.
1835 4492 1958 4547 ⁵⁵¹·

820 4539 987 4598 Num.
1022 4539 1439 4618 1mpp.d)
1480 4495 1622 4620 (ἔαρι.
1661 4559 1744 4596 22.

2152 4473 2315 4540 b)Cr
2319 4476 2379 4533 it
2403 4473 2625 4529 Bar.on
2664 4476 2739 4530 ad
2776 4493 2909 4532 ann.
2947 4475 3054 4535 eb.
3099 4491 3211 4546 ι37.
3249 4494 3406 4552 num
3445 4487 3496 4540 8.

1940 4541 2271 4616 e)Dipnos,
2308 4543 2373 4602 1..
2412 4543 2514 4597 1v.
2554 4561 2610 4616 Ρ.
2657 4554 2770 4611 148.

3487 4144 3634 4208 ΚΒ.

3490 4239 3577 4304 R.

3671 4477 3721 4546 ο)
3757 4476 3914 4532 1²:11-
