4225 5450
1276 587 1818 699 VXDORES
1926 586 2507 666 cLAva.
2641 549 2645 554 ’

445 794 777 862 Commatt's
812 790 1136 876 peregrini
1164 809 1303 853 non
1355 789 1560 874 pauci
1599 790 1854 875 proditi

341 892 607 955 urbium
660 889 1072 963 liberarum,
1126 898 1189 949 et
1236 884 1853 962 coloniarum‚tum

338 986 573 1071 signati
614 986 683 1047 in
713 988 1021 1065 Aegypto
1047 1027 1065 1056 ‚
1119 982 1411 1055 Iudaea,
1464 997 1509 1041 a
1539 980 1851 1042 Polemo·

342 1101 426 1144 ne
465 1081 553 1142 11.
596 1079 842 1151 Ponti,
896 1088 963 1137 et
996 1075 1216 1157 Cotye
1249 1075 1299 1135 Ι.
1343 1074 1638 1158 Bospori
1683 1075 1851 1157 regi·

345 1177 507 1251 bus,
560 1172 1093 1258 proponiturque
1158 1169 1269 1232 vel
1318 1167 1500 1245 sola,
1553 1168 1662 1230 vel
1708 1172 1851 1249 jun-

347 1283 459 1334 cta
489 1288 639 1332 cum
674 1266 966 1343 Claudio
993 1311 1013 1343 ,
1067 1275 1183 1327 aut
1203 1263 1514 1338 Nerone,
1569 1280 1854 1344 quorum

348 1384 465 1428 eos
493 1411 511 1441 ,
568 1364 683 1446 qui
722 1359 1166 1424 memorabile
1202 1359 1365 1440 quid
1409 1355 1736 1439 offerunt,
1784 1358 1856 1418 in

348 1458 747 1544 singulorum
771 1468 1045 1519 moneta
1067 1473 1337 1537 quaere.
1439 1452 1855 1538 Agrippinae

350 1553 691 1618 historiam
745 1549 1073 1614 illustrant
1104 1550 1491 1632 sequentes:

641 1648 1139 1711 AernlNA.
1182 1644 1668 1709 KAA'mlo'r.
1718 1643 1858 1706 ΓΤ-

640 1745 790 1806 ΝΗ.
846 1740 1049 1825 Caput
1094 1741 1518 1824 Agrippinae.

351 1843 553 1928 Caput
591 1837 837 1905 Claudii
865 1836 1095 1921 absque
1122 1837 1421 1899 mentione
1456 1832 1662 1899 urbis.
1717 1835 1859 1898 ΔΕ.

350 1935 659 2022 (Motelli
716 1935 935 2016 Impp.
971 1933 1057 1992 T.
1101 1932 1186 1995 11.
1217 1950 1287 2015 p.
1331 1947 1448 2013 52.
1512 1931 1715 1991 Patin
1770 1929 1861 1991 ad

350 2034 534 2098 Suet.
582 2033 648 2094 in
715 2028 951 2092 Claud.
1025 2045 1085 2090 c.
1161 2027 1271 2089 26.
1373 2022 1577 2092 Vaill.
1660 2024 1859 2089 Num.

188 2152 217 2159 ³
354 2126 598 2191 Graec.
629 2146 696 2210 p.
741 2144 846 2206 15.
947 2119 1215 2205 Theup.
1254 2140 1321 2204 p.
1375 2122 1565 2200 844.)

451 2218 882 2284 Vocabulum
916 2218 1195 2291 ΓΤΝΗ,
1247 2236 1452 2293 uxor,
1504 2212 1862 2297 singulares

352 2317 484 2381 hos
518 2333 759 2378 numos
798 2310 1011 2403 facit3¹
1092 2330 1251 2372 nam
1300 2309 1369 2371 in
1432 2310 1653 2372 numis
1696 2325 1864 2369 uxo·

264 2460 269 2466 .
352 2432 502 2474 rum
540 2408 731 2484 aliis,
785 2407 895 2469 seu
949 2405 1254 2482 Latinis,
1340 2404 1447 2467 seu
1535 2401 1863 2479 Graecis,

210 2528 217 2547 ·
352 2504 676 2591 supprimi
709 2501 1074 2566 consuevit.
1142 2499 1478 2563 'Videbar
1495 2511 1724 2561 tamen
1747 2497 1865 2558 mi·

355 2601 426 2664 hi
464 2601 631 2663 illud
668 2599 901 2663 videre
936 2598 1007 2659 in
1046 2615 1252 2658 numo
1298 2592 1708 2680 Cleopatrae
1734 2597 1867 2654 An·

356 2697 570 2774 tomi,
623 2712 823 2780 quem
870 2692 1055 2757 edidi
1112 2691 1181 2755 in
1231 2692 1400 2755 meis
1449 2690 1694 2755 Numis
1731 2697 1864 2753 vet.

358 2814 433 2946 ἶ.
471 2808 641 2873 292.
1087 2883 1123 2916 n

650 2935 1148 3047 Amanium.
1195 2934 1723 3044 ΘῖῑοΜΗἹ-ΩΡ.
1747 2973 1860 3040 ea-

639 3088 758 3162 put
785 3080 1202 3163 Agrippinae.
1236 3132 1245 3143 .

358 3175 727 3240 ΣΑΜῙΩΝ.
780 3175 986 3240 Pavo.
1089 3170 1231 3235 ΔΕ.
1266 3171 1373 3232 111.
1427 3163 1625 3243 (Mus.
1647 3161 1865 3241 Caes.)

453 3268 885 3334 Praeclarum
922 3267 1101 3330 hunc
1148 3279 1423 3327 numum
1472 3261 1753 3346 vulgavi
1786 3261 1862 3322 in

357 3387 518 3431 mea
552 3365 828 3449 Sylloge
862 3365 914 3428 1.
958 3383 1024 3447 p.
1062 3381 1178 3444 39.
1308 3355 1630 3420 Illustrem
1694 3354 1868 3418 facit

288 3455 310 3470 “
355 3479 606 3527 nomen
677 3457 1226 3542 ΘΕΟΜΗΤΩΒ,
1317 3452 1419 3517 ἀεὶ
1482 3461 1723 3524 mater,
1777 3449 1864 3512 ab

358 3554 796 3621 adulantibus
830 3553 1075 3616 Samiis
1122 3548 1536 3634 Agrippinae
1579 3547 1816 3609 datum
1842 3590 1864 3622 ,

352 3652 669 3718 nimirum
717 3650 878 3730 quia
924 3659 1137 3709 mater
1166 3643 1298 3705 fuit
1321 3643 1381 3704 N
1389 3642 1634 3728 crenis,
1661 3660 1859 3724 quem

357 3769 403 3814 a
438 3746 549 3809 dei
589 3744 857 3806 nomine
891 3762 1025 3805 non
1077 3737 1533 3815 abhorruitre,
1605 3748 1673 3799 et
1732 3736 1861 3798 diis

354 3843 554 3926 saepe
595 3859 638 3902 a
678 3837 960 3900 Graecis
990 3828 1516 3918 aequiparatum
1544 3877 1564 3910 ‚
1635 3832 1704 3893 in
1742 3829 1862 3892 hu·

353 3943 461 4022 jus
500 3943 773 3999 moneta
807 3930 1277 4015 intelligemus,
1407 3927 1676 3989 Nomen
1736 3928 1863 3989 &es

357 4035 573 4119 Μητηρ
604 4029 804 4114 saepe
834 4027 1127 4090 occurrit
1151 4025 1220 4087 in
1249 4021 1468 4084 numis
1499 4023 1861 4108 imperato·

426 4482 490 4551 a)
520 4447 594 4534 ad
631 4482 835 4544 charit,
870 4502 932 4556 p.
960 4485 1087 4554 564.

3213 576 3230 589 ²
3302 616 3440 687 259

1935 810 2086 855 rum
2145 788 2443 852 Orientis
2485 785 2701 851 infimi
2754 789 2907 852 aevi
2937 792 3135 873 Juxta
3176 791 3445 855 iconem

1935 887 2217 970 virginis
2259 884 2365 945 dei
2421 882 2699 965 matri‘s,
2775 897 3228 971 propagatum
3265 887 3446 950 dein·

1937 982 2021 1043 de
2065 981 2134 1041 in
2174 981 2312 1058 ejus
2354 977 2601 1043 tabulis
2645 980 2843 1062 pictis
2873 1025 2893 1056 ,
2978 999 3147 1063 quas
3210 981 3453 1046 hodie.

1936 1095 2066 1169 que
2092 1073 2319 1167 ‘oculis
2362 1072 2774 1157 usurpamus,
2873 1074 3093 1160 Ipsum
3125 1094 3293 1139 vero
3331 1096 3451 1139 vo·

1938 1168 2255 1234 sabulum
2307 1170 2627 1253 θεομητωρ
2674 1170 2915 1232 eodem
2973 1171 3155 1232 sensu
3203 1173 3456 1256 reperit

1935 1263 2326 1348 Ducangius
2377 1263 2447 1324 in
2513 1264 2905 1327 auctoribus
2955 1262 3344 1329 Christianis
3385 1286 3451 1329 e-

1934 1359 2202 1442 jusdem
2245 1358 2513 1422 aetatis.
2612 1362 2863 1423 Verum
2905 1363 2972 1424 in
3013 1361 3148 1427 hoc
3187 1361 3365 1425 sensu
3401 1365 3453 1426 i·
3588 1362 3597 1372 '

1938 1466 2216 1540 gnotum
2264 1450 2395 1514 fuit
2456 1453 2824 1537 superiori,
2892 1457 3297 1539 medioque,
3394 1471 3462 1521 et

1944 1549 2121 1623 adeo
2162 1548 2427 1611 meliori
2469 1546 2884 1612 Graecorum
2940 1570 3118 1615 aevo
3152 1599 3173 1629 ‚
3240 1552 3326 1617 fic
3381 1565 3459 1616 ut

1941 1645 2108 1707 illud
2153 1644 2221 1707 in
2255 1642 2761 1730 lexicographis
2792 1645 3134 1731 probioris
3179 1642 3457 1712 Graeci·

1941 1738 2104 1802 tatis
2135 1736 2379 1800 frustra
2416 1758 2728 1822 quaeras.
2827 1746 2914 1806 At
2957 1760 3131 1805 nunc
3152 1762 3236 1806 ex
3263 1762 3458 1827 prae-

1943 1830 2124 1898 sente
2158 1833 2447 1896 Neronis
2486 1853 2694 1899 numo
2737 1838 3080 1921 cognitum
3158 1838 3460 1903 melioris

1945 1929 2007 1991 se
2050 1928 2294 2007 aetatis
2358 1928 2715 1993 vocabulis
2803 1932 3063 1996 misceri
3147 1931 3459 2017 postulat.

1945 2024 2173 2089 Serius
2211 2024 2355 2086 vidi
2397 2022 2953 2091 commonstrante
2991 2029 3220 2094 locum
3287 2028 3481 2104 amsffi

1947 2118 2211 2181 cissimo
2251 2118 2522 2179 Barone
2557 2119 2863 2198 Locella,
2916 2143 2961 2185 a
2997 2123 3340 2187 Dorvillio
3376 2147 3461 2191 ex

1944 2211 2364 2276 Manethone
2406 2213 2679 2275 recitari
2711 2214 2927 2278 verba
2961 2219 3279 2301 Θεομητωρ
3314 2232 3458 2286 noo·

1945 2328 2103 2389 μσς,
2156 2308 2340 2389 quod
2376 2307 2473 2369 ait
2516 2321 2698 2371 recte
2737 2313 2952 2374 verti:
3005 2312 3255 2377 divinus
3285 2334 3463 2379 mun-

1942 2402 2083 2467 dus.
2138 2407 2193 2476 ⁸)
2246 2401 2379 2463 Sed
2427 2403 2498 2465 in
2549 2403 2680 2467 hoc
2730 2406 3075 2470 vocabulo
3119 2428 3187 2472 το
3248 2428 3459 2497 μητωρ

1944 2496 2215 2560 ducitur
2291 2517 2336 2559 a
2409 2498 2727 2581 μηδομοιι,
2779 2499 3080 2583 delibero,
3129 2503 3398 2578 meditor
3430 2550 3453 2584 ‚

1950 2604 2156 2689 atque
2189 2592 2345 2654 hinc
2376 2595 2564 2678 'apud
2583 2594 2990 2679 Hesychium
3016 2595 3102 2660 est
3119 2599 3461 2685 θεομητεω,

1949 2689 2132 2773 apud
2161 2687 2475 2764 Nonnum
2509 2690 2817 2773 θεομητις.
2918 2690 3234 2758 Ceterum
3265 2713 3456 2782 repe-

1944 2784 2052 2846 rio
2092 2785 2164 2846 in
2204 2782 2587 2849 Samiorum
2617 2785 2798 2851 sensu
2851 2789 3116 2873 Tyrum
3160 2790 3464 2855 urbemn

1945 2879 2301 2963 Meleagro
2357 2877 2721 2945 Gadareno
2785 2884 2924 2948 dici
2986 2887 3273 2964 θεοπαις,
3345 2886 3459 2951 seu

1945 2973 2046 3132 gei
2062 2971 2233 3060 fitia,
2285 2962 2353 3057 ¹³)
2405 2993 2654 3063 nempe
2684 2977 3021 3060 Herculis,
3049 3000 3097 3045 a
3125 3000 3266 3065 quo
3302 3001 3458 3047 con·

1992 3070 2136 3132 ἰῑει.ὁ
2996 3059 3006 3072 ’

2237 3167 2572 3233 ῙΟΤΛῙΑ.
2606 3169 3078 3252 ΛΓΡΙΠΠΙΝΑ
3128 3172 3306 3238 intra
3321 3167 3460 3240 lau·

2237 3280 2432 3326 ream.

1947 3355 2596 3424 TI.-KAA'1·A10C
2650 3359 2995 3428 KArcAP.
3061 3347 3330 3431 rcPM.·'
3377 3363 3459 3434 Ε.

1948 3449 2057 3512 m.
2137 3450 2321 3515 Duae
2375 3452 2587 3537 spicae
2646 3453 2999 3548 devastatae.
3136 3462 3282 3526 ΑΕ.
3345 3465 3459 3525 111.

1948 3541 2153 3626 (Mus.
2198 3543 2419 3631 caer.)
2484 3605 2498 3625 ,

2038 3636 2299 3702 Numus
2362 3629 2720 3729 Ιυάἐιίουε,
2789 3651 2905 3733 qui
2991 3648 3192 3716 Iuliae
3242 3651 3458 3738 gentis

1906 3757 1909 3760 ’
1945 3752 2194 3796 nomen
2232 3732 2403 3798 finit.

2044 3827 2251 3891 Numi
2286 3829 2725 3930 Alexandrini
2761 3840 3177 3925 Agrippinae
3205 3842 3458 3927 partim
3533 3817 3546 3828 ’

1944 3924 2321 4007 imperante
2364 3923 2695 4015 Claudio,
2746 3934 2997 4017 partim
3052 3935 3321 4000 Nerone
3378 3935 3455 4014 fif

1949 4019 2139 4105 gnati
2172 4017 2370 4098 sunt„
2413 4041 2583 4107 quos
2622 4025 2736 4089 suo
2781 4027 2937 4092 loco
2980 4030 3329 4096 dedimus..

1252 4487 1259 4492 “
1307 4480 1366 4544 h)
1404 4477 1627 4532 anck
1662 4478 1833 4532 Anal.
1872 4477 2001 4532 Vol.
2040 4479 2086 4532 1.
2124 4496 2187 4550 p,
2222 4495 2320 4548 33.

2819 4596 3070 4661 Kka
