4225 5450
811 565 911 635 44

794 742 939 810 Sub
969 746 1130 809 anni
1181 744 1436 808 exitum
1492 744 1819 810 Antonius
1873 764 2027 810 cum
2086 767 2302 812 uxore

792 840 1109 1002 {³5aeer
1124 842 1351 906 Roma
1394 839 1871 926 proficiscitur,
1922 853 1999 907 et
2017 843 2300 907 Athenis

1392 1130 1467 1195 N
1480 1149 1523 1192 u
1543 1131 1647 1192 mi
1690 1155 1715 1194 .·
2110 1164 2118 1173 ·

1086 1225 1185 1289 M.
1237 1224 1729 1289 ANTONIVS.
1788 1224 1885 1286 M.
1932 1221 2012 1288 F.
2062 1223 2164 1291 M.
2211 1222 2296 1288 N.

1083 1318 1295 1385 Avo.
1329 1321 1520 1384 IMP.
1574 1318 1754 1384 ITE.
1806 1320 2131 1385 Antonius
2166 1338 2295 1404 pa-

1074 1416 1336 1482 ludatur
1344 1417 1405 1503 s.
1427 1411 1583 1501 pede
1620 1434 1854 1497 prorae
1910 1416 2095 1479 navis
2160 1416 2301 1500 infi-

712 1556 743 1583 0
1058 1513 1269 1598 stem,
1319 1511 1381 1575 d.
1412 1509 1678 1595 Manu,
1708 1511 1771 1597 fi
1798 1513 2244 1596 parandam.

790 1604 1073 1671 IIIVIR.
1110 1607 1195 1671 R.
1238 1607 1313 1669 P.
1349 1605 1445 1687 C.
1479 1603 1670 1669 COS.
1709 1603 1996 1670 DESIG.
2056 1603 2295 1670 ITER.

794 1700 940 1763 ET.
983 1700 1260 1767 TERT.
1308 1702 1433 1766 Leo
1457 1698 1761 1786 gradiens
1780 1700 1852 1766 d.
1884 1699 2038 1785 pede
2065 1703 2292 1783 pugio·

791 1814 965 1874 m,
996 1796 1264 1882 superne
1311 1799 1556 1883 φησι.
1654 1798 1800 1859 AV.
1853 1774 2219 1879 (Metelli.)

887 1889 1233 1971 Illustrem,
1270 1911 1353 1957 ac
1376 1890 1769 1978 [iugularem
1804 1890 1995 1982 hunc.
2016 1908 2292 1952 numum

789 1983 925 2050 hoc
962 1986 1120 2051 loco
1156 1984 1368 2051 fistere
1403 1987 1697 2075 placuit,
1747 2005 1883 2049 non
1933 1985 2120 2068 quod
2153 2003 2291 2048 cer-

790 2090 861 2144 te
896 2080 971 2145 fit
1007 2082 1203 2165 hujus
1241 2085 1441 2161 anni,
1490 2081 1602 2145 sed
1641 2081 1825 2166 quod
1872 2091 2155 2165 propter
2211 2082 2290 2144 ti·
2315 2116 2330 2137 ι

783 2269 922 2335 hoc
958 2292 1137 2338 anno
1178 2288 1320 2339 mat
1367 2277 1506 2338 rius
1560 2271 1798 2359 {ignari
1838 2292 1974 2336 non
2046 2274 2290 2355 potuit.

780 2366 1022 2453 Neque
1068 2368 1275 2433 etiam
1367 2383 1622 2447 ertum,
1674 2382 1894 2432 utrum
1936 2368 2068 2429 hoc
2108 2386 2288 2432 anno

780 2463 1214 2548 imperatoris
1315 2444 1581 2539 titulum
1681 2462 2031 2525 iteraverit
2063 2507 2082 2537 ‚
2173 2460 2288 2523 etfi

779 2559 1048 2624 causam
1084 2561 1223 2641 ejus
1245 2556 1375 2644 spe'
1405 2557 1608 2620 ‘osam
1653 2555 1894 2618 habuit
1922 2555 2285 2617 victoriam

755 2654 865 2718 ,de
884 2654 1216 2736 Labieno,
1242 2667 1309 2715 et
1337 2654 1391 2715 P
1438 2650 1606 2713 rthis
1642 2651 1766 2712 suis
1786 2647 2107 2732 auspiciis
2134 2667 2284 2733 par·

785 2178 1001 2240 tulum
1039 2178 1294 2265 consulis
1324 2179 1640 2441 festgnati
1669 2180 1896 2254 iterum
1930 2187 1992 2242 et
2040 2177 2289 2242 tertium

659 2759 669 2768 '
776 2759 919 2811 tam
944 2797 966 2830 ,
1018 2749 1105 2810 de
1156 2746 1401 2831 quibus
1506 2744 1679 2809 ubiie
1742 2764 1945 2830 agam
2013 2742 2284 2809 uberius

777 2839 961 2905 infra
997 2841 1066 2904 in
1103 2839 1313 2904 titulis
1364 2841 1663 2912 Anto-nii.

870 2937 1037 3001 Para
1077 2935 1360 2999 adversa
1411 2936 1775 3010 Antonium
1822 2935 2097 3002 militari
2146 2937 2279 3003 cul·

776 3046 848 3096 tu
883 3031 1312 3116 conspicuum
1333 3028 1504 3096 [istit.
1604 3032 1869 3096 Pedem
1886 3051 2138 3118 prorae
2156 3035 2278 3096 im·

1889 538 2007 621 M.
2104 542 2280 622 ΆἨ
2299 546 2470 625 ΤὈ
2487 541 2809 626 mvs,

2383 748 2439 811 it
2471 759 2696 812 autem
2731 748 2820 810 ad
2854 748 3222 812 Antonium
3265 746 3485 815 ferum
3529 747 3695 819 istud
3744 750 3906 822 a‘ni:

2383 844 2562 921 mal,
2614 844 2800 927 quod
2857 843 2945 927 ab
3010 845 3301 916 Hercule
3374 869 3582 933 genus
3643 852 3898 916 ducere

2382 939 2568 1001 credi
2608 939 2847 1001 voluit.
2944 938 3255 1002 Testatur
3328 943 3767 1035 Plutarchum
3819 938 3895 1030 ¹’)

2382 1036 2749 1095 Antonium
2784 1032 3046 1096 barbae
3097 1036 3379 1114 decore,
3443 1037 3690 1104 frontis
3743 1062 3890 1105 am⁴

2383 1128 2712 1209 plitudine
2748 1174 2769 1205 ,
2818 1128 2980 1192 naso
3043 1130 3310 1193 adunco
3351 1132 3663 1198 Herculis
3697 1136 3894 1199 fimu·
4009 1168 4022 1187 s

2381 1219 2584 1284 lactis
2613 1242 3009 1306 germanum
3057 1223 3265 1286 visum
3287 1272 3307 1302 ,
3359 1240 3428 1289 et
3463 1228 3655 1293 fuiss’e
3697 1244 3888 1296 vete·
3919 1258 3928 1263 ·

2380 1334 2523 1378 rem
2561 1314 2866 1396 famam,
2917 1319 3249 1381 Antonios
3302 1322 3392 1385 ab
3446 1324 3737 1391 Hercule
3774 1348 3892 1413 ge-

2379 1428 2506 1473 nus
2544 1412 2826 1488 ducere,
2879 1425 3249 1499 prognatos
3294 1417 3543 1501 qnippe
3601 1423 3692 1485 ab
3751 1429 3889 1488 An·

2379 1516 2539 1569 tone
2591 1507 2900 1571 Herculis
2944 1509 3107 1573 filio.
3231 1513 3430 1595 Apud
3498 1518 3891 1601 Appianum

2380 1599 2799 1666 Octavianus
2835 1607 3099 1688 aperuit
3140 1609 3460 1686 Antonio,
3515 1611 3599 1672 de
3641 1631 3723 1675 eo
3745 1613 3894 1677 suc·

2380 1690 2627 1759 cess'ore
2670 1691 3073 1781 deflg'nando
3116 1700 3506 1765 deliberass'e
3543 1705 3598 1769 Ι.
3643 1704 3890 1772 caera-

2376 1807 2565 1873 rem,
2616 1802 2821 1881 atque
2849 1793 3017 1856 illud
3046 1815 3249 1859 unum
3291 1795 3639 1878 obstitiss'e,
3690 1805 3886 1884 quod

2378 1883 2756 1969 dubitaret,
2808 1907 3030 1970 aequo
3064 1911 3218 1953 eum
3267 1894 3498 1955 animo
3532 1915 3619 1958 ex
3663 1896 3882 1961 Hera-

2374 1977 2706 2044 clidas-um
2769 1995 2963 2067 gente
3009 1986 3099 2047 ad
3149 1988 3506 2050 Aeneadas
3562 1993 3880 2057 transim-

2372 2092 2545 2139 rum.
2597 2080 2652 2154 ⁸)
2749 2077 2904 2141 Hoc
2935 2077 3148 2144 fretus
3188 2081 3379 2144 ausus
3411 2080 3640 2162 fuerit,
3692 2089 3882 2171 quod

2369 2189 2421 2233 a
2466 2173 2731 2236 nemine
2779 2173 3104 2237 hactenus
3160 2177 3425 2239 Romae
3492 2190 3825 2245 tentatum
3852 2208 3896 2261 ,-

2313 2294 2326 2315 ⁴
2372 2278 2679 2351 tempore
2715 2268 2876 2331 belli
2923 2268 3291 2334 Pharsalici
3342 2275 3585 2353 junctis
3648 2281 3878 2342 currui

2371 2360 2681 2424 leonibus
2713 2363 2785 2423 in
2827 2362 2992 2427 urbe
3023 2368 3362 2448 progredi,
3413 2370 3600 2450 quod
3635 2369 3876 2437 testan-

2371 2465 2479 2516 tur
2505 2454 2758 2519 Plinius
2782 2503 2801 2533 ,
2853 2449 2917 2538 ὅ)
2970 2470 3036 2521 et
3066 2460 3466 2525 Plutarchus
3483 2509 3503 2541 ,
3535 2463 3618 2549 ἐ)
3669 2478 3881 2551 atque

2370 2567 2458 2610 ex
2495 2550 2737 2612 eadem
2777 2552 2978 2615 causa
3027 2554 3334 2621 Herculis
3377 2559 3628 2622 cultum
3676 2583 3874 2647 prae-

2366 2638 2589 2706 ferens
2636 2649 3039 2730 proponit-nr
3070 2650 3142 2711 'in
3193 2651 3415 2714 numia
3469 2655 3874 2722 Alexandri-

2365 2738 2471 2801 nis
2496 2785 2515 2817 ,
2568 2751 2634 2803 et
2666 2746 3149 2824 contorniatiS‚
3201 2765 3371 2830 quos
3402 2749 3559 2813 vide
3598 2751 3726 2816 suis
3763 2754 3866 2816 lo-

2366 2833 2501 2901 cis„
2586 2829 2789 2917 Quod
2838 2858 3005 2902 vero
3083 2845 3505 2907 Antonianus
3585 2846 3700 2910 hic
3753 2849 3871 2913 leo

2362 2931 2726 3015 pugionem
2769 2934 2944 3018 pede
2998 2931 3292 3020 stringit,
3343 2949 3418 3000 ut
3481 2942 3622 3023 ejus
3665 2944 3877 3010 causa

2362 3025 2430 3088 in
2463 3028 2718 3090 incerto
2760 3026 2889 3104 est,
2943 3029 3026 3092 fic
3051 3032 3295 3092 mirum
3332 3032 3523 3112 sane,
3578 3038 3871 3104 eandem

775 3129 1006 3214 ponit,
1059 3145 1195 3209 quo
1239 3128 1584 3190 maritima
1640 3129 1948 3211 potentia
2020 3129 2275 3191 indica.
2353 3119 2625 3204 prorsus
2655 3121 3020 3207 imaginem
3051 3122 3241 3188 fuiffe
3280 3127 3349 3190 in
3378 3129 3627 3194 annulo
3643 3130 3868 3224 .P⁰¹¹¹·

756 3234 903 3290 ,tur.
1000 3218 1188 3286 Alibi
1216 3222 1398 3305 dixi,
1452 3217 1713 3306 (Choix
1744 3223 1829 3286 de
1861 3223 2063 3306 pierr.
2082 3241 2273 3308 grav.

771 3337 863 3405 p.⁴
901 3321 1035 3396 ιο.)
1109 3317 1353 3403 pedem
1402 3318 1498 3380 rei
1549 3318 1845 3401 cuipiam
1893 3316 2275 3401 impolitum

770 3412 1074 3478 indicare
1105 3415 1245 3495 ejus
1285 3411 1482 3492 iplius
1507 3413 1609 3475 rei
1643 3412 2277 3497 poss'essionem‚aut

769 3509 842 3574 in
890 3527 1041 3571 eam
1068 3510 1216 3590 jue,
1266 3518 1384 3572 aut
1420 3504 1863 3589 testimonium
1897 3554 1916 3584 ‚
1970 3510 2273 3593 quempi-

770 3625 883 3668 am
912 3624 996 3670 ea
1034 3605 1105 3667 in
1143 3621 1215 3666 re
1249 3602 1601 3679 excellere,
1654 3603 2025 3668 multumve
2063 3603 2270 3687 poss'e.

773 3706 861 3765 At
897 3700 1114 3784 magis
1150 3698 1241 3760 ad
1282 3697 1557 3788 Antonii
1610 3693 1953 3762 historiam
2005 3695 2271 3763 illustria

771 3793 859 3860 est
890 3793 1104 3879 partis
1144 3790 1418 3860 aversae
1450 3790 1560 3854 leo
1587 3837 1606 3867 ‚
1679 3811 1879 3874 quem
1913 3797 2056 3875 jam
2096 3794 2166 3856 in
2206 3815 2269 3856 e-

764 3895 867 3974 jus
908 3888 1131 3951 numia
1164 3886 1458 3950 vidimus
1487 3887 1680 3950 adv.
1727 3885 1804 3950 C.
1848 3907 1923 3966 7¹
1950 3909 1975 3950 1
2022 3907 2269 3974 propo-

763 3985 919 4060 fltic.
1016 3980 1401 4045 Pertinuill'e
1421 3981 1651 4066 aliquo
1688 3983 1895 4046 modo
1926 3982 2158 4048 leones
2179 3984 2274 4049 ad

765 4079 1131 4148 Antonium
1165 4122 1184 4153 ,
1255 4087 1509 4140 certum
1568 4075 1656 4139 est
1719 4096 2056 4162 praecone
2123 4079 2266 4165 ipso

654 4169 661 4178 ’
745 4171 992 4241 ⁴Tullio
1043 4171 1125 4236 fic
1163 4172 1252 4234 ad
1296 4172 1600 4237 Atticum
1670 4174 2036 4237 scribente:
2090 4179 2146 4250 ⁸)
2198 4184 2271 4238 tu

761 4271 1031 4339 Autem
1065 4268 1260 4334 levum
1275 4269 1663 4359 pertimefias
1697 4289 1862 4335 cave.
1961 4270 2264 4332 Pei-tinu-

785 4426 3861 4464 ..h-*ww

1548 4507 1608 4572 b)
1642 4509 1701 4557 in
1740 4506 1943 4559 Ankon.
1982 4522 2038 4576 p.
2076 4521 2195 4573 9¹7·
2235 4502 2302 4557 C.

827 4513 886 4575 ε)
912 4507 984 4561 ι’
1012 4508 1098 4566 'x’
1128 4522 1225 4580 'ep'
1271 4524 1353 4576 ¹3⁸
1621 4573 1668 4642 f)
1702 4577 1759 4628 in
1796 4573 1993 4646 Pomp.
2030 4572 2126 4628 sub
2159 4569 2255 4627 fin.

754 4591 842 4638 n,
1023 4577 1091 4637 ,οὶ
1130 4578 1187 4628 in
1206 4579 1432 4631 ‘Antom

2357 3216 2493 3298 peji
2538 3216 2637 3276 M.
2661 3259 2680 3291 ‚
2734 3236 2892 3279 nam
2911 3216 3071 3282 teste
3118 3221 3492 3286 Plutarcho
3527 3225 3590 3289 ei
3630 3227 3862 3292 inscul-

2356 3320 2512 3393 ptus
2552 3321 2700 3382 erat
2742 3314 2899 3377 λεων
2919 3316 3195 3402 ειφηρης,
3224 3318 3313 3382 leo
3347 3320 3536 3405 ensem
3561 3330 3789 3388 tenens.
3808 3314 3867 3407 f)

2750 3477 2837 3570 V.
2865 3502 2932 3570 C.
2961 3507 3088 3592 716
3116 3507 3206 3572 A.
3244 3509 3329 3575 X.
3353 3525 3472 3591 38.

2354 3594 2679 3665 IIIVIR.
2726 3598 2807 3665 R.
2847 3602 2928 3664 P.
2972 3602 3037 3666 C.
3085 3602 3269 3670 COS.
3302 3606 3504 3672 DES.
3559 3609 3665 3674 ῙῙ.
3716 3612 3863 3680 ΕΤ.

2838 3696 2982 3760 III.
3018 3697 3220 3764 IMP.
3271 3702 3377 3767 11.

2449 3886 2581 3964 Per
2632 3884 2710 3949 C.
2784 3886 3040 3949 Sotium
3109 3889 3404 3976 legatum
3431 3893 3858 3979 ‘Antigonum

2352 3983 2650 4046 Iudaeae
2679 4001 2905 4067 regem
2961 3982 3262 4068 superat,
3314 3999 3384 4076 et
3439 3990 3643 4073 virgis
3695 4010 3856 4053 cae·

2351 4078 2491 4140 sum
2521 4077 2727 4140 securi
2753 4076 3048 4161 percutit
3086 4079 3360 4165 Herode
3396 4084 3495 4147 M.
3532 4086 3601 4145 in
3644 4104 3853 4170 regno

2352 4172 2777 4238 confirmato.
2831 4173 3183 4238 Ventidius
3204 4177 3402 4241 victis
3435 4177 3675 4240 iterum
3692 4180 3856 4242 Par-

2349 4269 2483 4332 this
2510 4316 2529 4346 ,
2581 4281 2650 4331 et
2681 4270 2951 4360 Pacoro
2990 4268 3238 4335 Orodis
3284 4273 3461 4357 regis
3497 4270 3642 4336 filio
3673 4275 3745 4336 in
3779 4295 3855 4338 a·

2491 4505 3280 4576 0)B.c.1..111.0.16.‘
3422 4506 3874 4588 d)1..v111.§.
3947 4576 3958 4586 ,
