4225 5450
868 574 906 618 2
1862 545 2313 625 IVLIVS
2418 546 2948 626 CAESAR.

860 764 973 813 um
995 792 1016 826 ,
1069 748 1127 825 ²)
1180 763 1267 810 ac
1298 744 1665 832 praecipue
1695 744 2093 834 rogginum.
2137 739 2212 831 ·¹')

838 869 851 877 ·
956 843 1215 908 Exosus
1264 845 1406 927 jam
1463 861 1631 926 puer
1682 841 1757 906 L.
1796 844 2024 908 Sullae
2056 844 2189 908 fuit
2227 863 2380 906 cum

2413 749 2657 827 abit,
2691 732 2986 832 ibique

2558 848 2642 911 V.
2663 842 2743 911 C.
2762 847 3007 927 693A.
3025 844 3108 908 X.
3134 838 3342 909 61M.
3362 839 3808 932 PupioPty‘one
3838 842 3966 912 Cal·

865 940 956 1005 ob
997 938 1555 1003 necessitudinem
1586 955 1740 1000 cum
1773 937 1849 1008 C.
1883 942 2112 1003 Mario
2147 988 2167 1019 ‚
2221 959 2381 1002 nam
2459 944 2810 1026 purniano',
2863 941 2962 1005 M.
3011 940 3268 1007 Valerio
3303 938 3571 1029 Meffaffa
3613 962 3734 1005 coS.
3756 943 3964 1004 domi·

868 1040 1009 1119 ejus
1075 1035 1290 1099 amita
1344 1032 1520 1096 Iulia
1579 1032 1736 1096 huic
1804 1047 2020 1121 nupta
2099 1034 2266 1110 fuit,
2318 1033 2378 1116 c)
2463 1037 2594 1113 tis,
2649 1054 2818 1118 quos
2865 1035 3136 1119 quidem
3175 1055 3310 1098 non
3348 1037 3598 1119 reperit
3629 1086 3650 1118 ,
3701 1036 3810 1099 sed
3849 1057 3965 1120 per

871 1146 1016 1195 tum
1077 1131 1263 1213 quod
1334 1127 1721 1192 Corneliam
1782 1128 2038 1194 Cinnae
2130 1122 2381 1208 filiam,

877 1246 1084 1311 quam
1129 1244 1411 1290 uxorem
1451 1224 1684 1303 duxit,
1735 1225 1922 1289 nullo
1973 1239 2220 1310 pacto,
2312 1238 2385 1289 ut

872 1323 1308 1409 repudiaret,
1356 1322 1745 1407 permoveri
1799 1320 2062 1406 potuit,
2112 1341 2196 1385 ac
2263 1321 2385 1382 de-

874 1422 1079 1504 nique
1110 1418 1296 1501 quod
1340 1415 1591 1479 multos
1620 1415 1685 1478 ei
1712 1417 1975 1480 Marios
1997 1464 2019 1499 ,
2068 1419 2385 1495 nimirum

880 1517 1169 1580 multum
1210 1511 1564 1601 popularis
1603 1530 1810 1575 aurae
1852 1511 2052 1575 iness'e
2095 1514 2383 1575 videret.

878 1612 1037 1693 Ejus
1074 1621 1258 1673 metu
1289 1610 1520 1671 Roma
1549 1604 1899 1693 profectus
1939 1604 2125 1693 apud
2179 1608 2385 1669 Nico-

883 1705 1153 1771 medem
1191 1703 1555 1787 Bithyniae
1605 1723 1832 1789 regem
1897 1722 2035 1767 non
2092 1700 2221 1779 fine
2281 1722 2385 1764 ru·

883 1820 1118 1876 more,
1170 1812 1243 1864 ut
1290 1799 1387 1861 ait
1407 1798 1789 1876 Suetonius,
1840 1796 2213 1883 prostratae
2247 1798 2388 1882 regi

784 1942 803 1951 -
883 1896 1259 1984 pudicitiae
1315 1894 1585 1960 desedit.
1719 1894 2050 1979 Magnum
2118 1894 2387 1975 juvenis

880 1992 1186 2080 prompti
1217 2005 1284 2057 et
1310 1990 1630 2075 intrepidi
1669 1989 1877 2052 animi
1906 1988 2244 2079 specimen
2279 1989 2389 2057 de-

889 2090 1030 2166 dit,
1085 2108 1238 2152 cum
1285 2098 1523 2171 captus
1559 2105 1603 2149 a
1661 2085 1902 2171 piratis
1956 2105 2039 2149 ac
2098 2084 2392 2169 pecunia

885 2186 1278 2270 redemptus
1340 2192 1744 2267 comparata
1806 2180 2115 2244 celeriter
2195 2179 2392 2243 class'e

889 2300 1008 2345 eos
1049 2302 1133 2344 ex
1173 2277 1542 2367 improviso
1581 2278 1863 2340 adortus
1921 2275 2052 2353 est,
2122 2286 2392 2360 captos-

888 2397 1017 2460 que
1057 2376 1126 2440 in
1167 2386 1432 2441 crucem
1472 2377 1629 2459 egit.
1683 2364 1742 2456 ὃ)
1814 2375 2110 2435 Romam
2167 2390 2390 2434 rever-

885 2473 990 2536 sus
1026 2474 1318 2558 primum
1350 2470 1655 2533 tribunus
1690 2468 1978 2530 militum
2009 2465 2247 2548 populi
2291 2465 2392 2527 fa·

864 2588 1053 2633 ‘vore
1078 2581 1398 2641 creatus,
1452 2564 1605 2629 dein
1648 2558 1999 2649 quaestor
1980 2579 2050 2625 ιιι
2086 2559 2395 2645 Hispani·

889 2684 1002 2729 am
1035 2662 1381 2748 profectus
1463 2656 1769 2721 Gadibus
1836 2653 2193 2739 conspecto
2239 2656 2394 2718 Ale·

886 2759 1134 2824 xandri
1172 2760 1269 2822 M.
1308 2756 1486 2850 signo
1526 2765 1724 2817 notas
1765 2751 1958 2835 illas,
2010 2763 2216 2835 atque
2251 2771 2392 2815 am·

894 2853 1168 2917 bitiosas
1200 2843 1518 2918 lacrimas
1546 2847 1754 2916 flevit.
1855 2847 2100 2912 Redux
2131 2861 2395 2913 creatus

897 2948 1135 3014 aedilis
1180 2950 1504 3035 populum
1563 2943 1681 3008 fibi
1724 2943 2048 3010 ludorum
2091 2943 2393 3032 magnifi-

894 3045 1121 3110 centia
1154 3047 1506 3112 demeruit.

991 3140 1079 3204 V.
1121 3138 1199 3207 C.
1238 3142 1491 3223 691A.
1546 3140 1627 3203 X.
1679 3139 1792 3221 63.
1832 3136 1932 3202 M.
1990 3136 2184 3204 Tuffio
2229 3138 2396 3203 Cice-

896 3247 1087 3313 rone,
1142 3235 1208 3301 C.
1253 3235 1536 3301 Antonio
1605 3255 1729 3299 cos.
1774 3244 2044 3296 mortuo
2111 3231 2397 3296 Metello

896 3331 1022 3394 Pio
1061 3331 1305 3398 dicitur
1341 3329 1655 3418 pontifex
1710 3327 2049 3390 maximus
2110 3324 2404 3411 profufis

895 3427 969 3491 in
1014 3427 1340 3515 populum
1374 3422 1846 3514 largitionibus
1873 3425 1913 3501 ‚³
1950 3442 2106 3486 cum
2136 3422 2403 3506 praedi-

897 3523 1093 3588 xisset
1120 3524 1343 3603 matri,
1392 3543 1528 3606 quo
1571 3522 1680 3584 die
1711 3519 1799 3582 ad
1836 3520 2117 3596 comitia
2143 3516 2402 3580 descen·

902 3620 1128 3682 derat:
1159 3616 1335 3681 hodie
1330 3619 1536 3704 filium
1560 3627 1671 3680 aut
1683 3615 2024 3700 pontificem
2039 3616 2403 3689 maximum,

899 3723 1016 3778 aut
1061 3712 1297 3778 exulem
1319 3711 1613 3779 videbis-.-
1632 3710 1704 3795 )
1794 3709 1951 3771 Fuit
1990 3722 2220 3774 autem
2263 3712 2407 3790 jam

902 3820 1063 3873 ante
1106 3808 1179 3870 in
1226 3806 1625 3893 pontificum
1684 3802 2065 3888 conlegium
2119 3815 2407 3889 coepta

902 3915 1051 3982 tus,
1100 3923 1254 3969 cum
1287 3904 1358 3967 in
1408 3901 1562 3967 Asia
1596 3900 1868 3966 abesset.
1919 3892 1975 3984 f)

902 4029 915 4061 ι
1009 4002 1092 4065 V.
1122 3999 1215 4074 C
1260 4002 1394 4082 692
1439 4001 1520 4063 A.
1563 4000 1643 4062 X.
1674 4000 1796 4060 62.
1828 4000 1919 4070 D.
1954 3993 2412 4073 Iuniosilano,

2470 1131 2911 1216 cupiditatem
2950 1131 3276 1216 triumphi
3316 1143 3383 1192 et
3417 1134 3716 1214 praedae
3757 1131 3962 1213 fecit,

2469 1224 2769 1288 hostibus
2809 1227 3053 1289 dicitur
3096 1227 3490 1311 imperator.
3544 1225 3607 1309 Β)

2567 1323 2649 1384 V.
2694 1318 2769 1383 C.
2816 1322 2960 1402 694
2995 1325 3079 1385 A.
3114 1322 3193 1384 X.
3237 1324 3349 1384 60.
3401 1321 3478 1386 L'.
3505 1322 3835 1408 Afrania,
3893 1329 3968 1414 Q.
4104 1338 4124 1363 ’

2475 1415 2732 1481 Caecilio
2766 1415 3008 1482 Meteffo
3060 1416 3257 1483 Celere
3298 1438 3424 1486 cos.
3485 1421 3556 1482 in
3603 1421 3840 1485 urbem
3880 1426 3969 1489 ad

2474 1511 2754 1574 comitia
2785 1511 3082 1576 reversus
3116 1510 3301 1591 simul
3352 1515 3769 1603 triumphum
3797 1564 3817 1595 ,
3902 1518 3969 1583 fi.

2435 1606 2446 1613 ’
2473 1606 2614 1669 mul
2644 1605 3057 1671 consulatum
3096 1609 3288 1693 petit,
3321 1611 3522 1697 quod
3550 1622 3701 1674 cu‘m
3723 1626 3967 1677 utrum·

2474 1720 2603 1785 que
2638 1700 2944 1763 obtinere
2977 1720 3110 1766 non
3144 1698 3388 1788 poslbt',
3440 1704 3613 1789 (non
3639 1709 3842 1788 enim,
3861 1709 3972 1774 nisi

2449 1794 2783 1881 .praesens
2815 1797 3013 1878 esset,
3065 1799 3466 1862 candidatus
3499 1802 3624 1864 ess'e
3675 1804 3965 1868 consula-

2475 1905 2582 1955 tus
2617 1893 2861 1976 potuit,
2914 1904 2980 1957 et
3010 1891 3052 1955 fi
3080 1894 3315 1956 urbem
3339 1896 3645 1978 privatus
3664 1899 3971 1984 ingressus

2476 1988 2668 2063 ess'et,
2721 1980 2950 2071 postea
2985 1988 3069 2051 ἐκ
3101 1988 3249 2074 lege
3283 1990 3700 2075 triumphare
3728 2013 3862 2057 non
3900 1996 3970 2058 li-

2476 2079 2649 2165 cuit)
2699 2082 2936 2167 abjicit
2971 2083 3429 2169 triumphum,
3482 2099 3879 2174 creatusque
3904 2091 3972 2156 in

2478 2198 2726 2242 annum

2572 2278 2660 2338 rV.
2693 2273 2769 2338 C.
2813 2269 2948 2358 695
2986 2278 3071 2338 A.
3111 2277 3195 2345 X.
3235 2295 3355 2359 59.
3387 2278 3586 2369 consue!
3605 2279 3857 2365 conlega
3878 2281 3972 2347 M.

2475 2371 2727 2448 Bibulo,
2779 2371 2994 2455 legem
3026 2372 3363 2455 agrariam
3392 2393 3513 2457 per
3527 2377 3666 2437 vim
3699 2374 3973 2457 perfert,

2481 2467 2869 2549 obtinetque
2906 2486 2951 2527 a
2979 2466 3206 2528 senatu
3227 2466 3595 2548 Illyricum,
3647 2467 3972 2534 Galliam·

2481 2582 2608 2650 que
2657 2560 3035 2625 citeriorem
3064 2572 3131 2623 et
3161 2561 3548 2625 ulteriorem
3588 2565 3979 2649 proconsule

2478 2659 2548 2722 in
2601 2656 3160 2741 quinquennium,
3236 2676 3372 2741 quo
3429 2659 3654 2745 elapso
3713 2661 3975 2744 adjutus

2482 2773 2694 2841 opera
2725 2750 2847 2816 Cn.
2903 2753 3215 2840 Pompeji
3269 2755 3412 2831 M.,
3490 2767 3555 2818 et
3611 2757 3709 2822 M,
3762 2755 3980 2821 Crassi

2482 2850 2668 2915 aliud
2693 2847 2811 2912 fibi
2835 2849 3358 2933 quinquennium
3379 2861 3769 2935 extorquet.
3822 2853 3980 2935 Ejus

2480 2968 2601 3034 per
2630 2945 2763 3008 hoc
2807 2957 3071 3029 tempus
3105 2944 3435 3007 victoriae
3493 2946 3573 3008 de
3639 2946 3981 3024 Helvetis,

2481 3042 2877 3119 Gemanis,
2930 3037 3184 3116 Gallis,
3249 3040 3591 3103 Britannis
3646 3043 3977 3126 cognitae.

2527 3142 2658 3201 V.
2717 3136 2793 3200 C.
2831 3154 2964 3219 705
3001 3137 3085 3197 A.
3123 3135 3204 3197 X.
3236 3147 3354 3216 49.
3400 3136 3464 3199 C.
3503 3135 3759 3201 Claudio
3790 3138 3985 3202 Mar-

2482 3233 2614 3297 cello
2652 3233 2739 3296 ΙΙ
2737 3231 2754 3297 .
2792 3230 2867 3295 L.
2903 3230 3184 3295 Cornelio
3239 3230 3497 3296 Lentulo
3547 3254 3673 3297 cos·
3732 3231 3985 3296 bellum

2483 3327 2681 3391 civile
2737 3339 2889 3389 cum
2919 3326 3248 3410 Pompeio
3287 3339 3624 3412 coeptum.
3723 3326 3989 3392 Transi·
4031 3367 4038 3372 -

2482 3435 2556 3487 to
2589 3422 2986 3497 Rubicone,
3036 3422 3497 3506 Pompeioque
3561 3442 3717 3485 cum
3791 3424 3975 3485 Mar-

2486 3517 2658 3581 cello
2707 3529 2774 3579 et
2805 3515 3095 3579 Lentulo
3136 3535 3273 3580 cos.
3322 3517 3390 3582 in
3426 3515 3786 3580 Graeciam
3822 3538 3981 3601 pro·

2485 3611 2649 3697 fugo
2687 3614 2978 3676 Romam
3009 3612 3178 3689 adit,
3230 3623 3298 3675 et
3340 3613 3675 3676 aerarium
3711 3611 3990 3697 perfrin-

2487 3707 2608 3793 git.
2705 3708 2909 3773 Inde'
2890 3727 2957 3771 m
2974 3706 3370 3792 Hispaniam
3401 3705 3758 3792 profectus
3754 3706 3991 3780 Petre-

2487 3804 2629 3867 ium
2665 3815 2732 3866 et
2745 3800 3116 3866 Afranium
3170 3804 3738 3888 Pompeianarum
3783 3801 3994 3887 legio-

2491 3919 2651 3962 num
2701 3899 2943 3976 duces,
2997 3909 3072 3961 ut
3118 3897 3288 3960 nihil
3345 3916 3389 3962 a
3439 3910 3643 3981 tergo·
3705 3898 3996 3962 intutum

2490 3994 2812 4071 haberet,
2879 3994 2967 4057 ad
2988 3979 3436 4057 deditionem
3495 3992 3679 4076 cogit
3727 3992 3837 4057 die
3909 3991 3998 4057 11.

906 4097 991 4163 L.
1032 4096 1270 4161 Licinio
1326 4098 1611 4162 Murena
1644 4115 1770 4162 ces.
1796 4106 2069 4181 praetor
2092 4091 2411 4156 urbanus.
2493 4090 2810 4165 Sextilis,
2859 4080 2930 4172 ¹²)
2982 4100 3501 4174 expugnataque
3554 4085 3862 4154 Massilia
3923 4087 3995 4150 in

904 4193 1031 4258 Ex
1043 4203 1373 4275 praetura
1424 4190 1873 4278 proco-sule·
1864 4192 1949 4258 ,ιιι
2000 4187 2412 4256 Lusitaniam
2473 4186 2727 4254 urbem
2765 4185 3138 4269 redit,÷cum
3177 4182 3400 4250 adhuc
3429 4182 3665 4247 absens
3699 4182 3999 4246 rimator

883 4433 901 4444 ’
942 4435 953 4442 ”
980 4455 1034 4515 a)
1075 4436 1269 4513 Cenot,
1308 4453 1412 4512 Pis,
1450 4452 1565 4513 diff,
1604 4454 1677 4506 11.
1716 4471 1760 4506 c.
1797 4457 1848 4506 6.
2042 4453 2101 4518 b)
2141 4453 2283 4510 Fasti
2319 4435 2495 4505 Verrii
2572 4490 2587 4505 .
2628 4468 2744 4520 .¹²3·
2933 4455 2985 4516 c)
3007 4451 3159 4506 mut.
3196 4454 3252 4502 in
3290 4451 3446 4513 Caes,
3675 4447 3732 4514 d)
3768 4448 3995 4504 Sueton.

906 4522 1151 4664 ἓίβιέιὲω.
1223 4526 1291 4592 ς)-
1314 4523 1584 4583 ΡΙιιιιιι-ιτῑι;
1620 4526 1689 4574 in·
1716 4522 1871 4577 Caes.
2066 4524 2111 4588 s)
2149 4524 2393 4576 Velleius
2433 4519 2496 4580 L.
2568 4514 2615 4574 1.
2651 4538 2696 4575 c.
2731 4535 2819 4590 43.
3003 4520 3064 4591 g)
3095 4519 3370 4580 Plutarch',
3499 4517 3600 4588 ’.ἰὴ
3633 4516 3770 4582 1921,
3805 4527 3996 4570 marm·
