4225 5450
1278 592 1822 705 vxossns
1929 535 2510 673 cLAvmr.

449 787 803 867 Commatis'
815 795 1140 881 peregrini
1170 815 1306 858 non
1361 795 1563 879 pauci
1603 796 1857 881 proditi

342 898 611 961 urbium
662 894 1027 956 liberarum
1056 937 1075 968 ,
1130 903 1194 954 et
1240 890 1855 969 coloniarum,tum

339 991 577 1075 fignati
616 991 685 1051 in
716 992 1025 1069 Aegypto
1050 1032 1069 1062 ‚
1123 986 1414 1061 Iudaea,
1468 1003 1512 1047 a
1542 987 1854 1048 Polemo-

345 1106 427 1149 ne
467 1085 555 1147 ΙΙ.
599 1084 843 1157 Ponti,
899 1093 966 1142 et
1000 1080 1219 1162 Cotye
1252 1080 1303 1141 1.
1346 1080 1642 1164 Bospori
1686 1082 1854 1164 regi-

345 1182 511 1255 bu3‚
561 1177 1096 1264 proponiturque
1160 1175 1272 1237 vel
1322 1173 1502 1250 sola,
1556 1174 1665 1237 vel
1709 1177 1854 1257 jun·

350 1288 463 1339 cta
493 1292 642 1337 cum
678 1270 968 1334 Claudio
994 1317 1015 1348 ‚
1069 1281 1185 1333 aut
1204 1269 1516 1345 Nerone,
1571 1286 1857 1350 quorum

349 1389 468 1433 eos
496 1416 514 1446 ,
570 1368 685 1450 qui
725 1365 1168 1430 memorabile
1205 1366 1364 1447 quid
1410 1361 1739 1446 offerunt,
1786 1365 1858 1426 in

350 1462 749 1549 singulorum
774 1474 1048 1524 moneta
1069 1480 1339 1543 quaere.
1441 1459 1859 1545 Agrippinae

351 1558 705 1623 historiam
748 1554 1076 1619 illustrant
1106 1556 1492 1638 sequentes:

643 1654 1143 1717 AFPlssHlNA.
1186 1650 1671 1715 ΚΛΑΤΔΙΟΤ.
1720 1650 1860 1712 ΓΤ-

642 1751 792 1811 NH.
849 1746 1053 1831 Caput
1096 1747 1520 1830 Agrippinae.

352 1850 555 1933 Caput
595 1843 837 1911 Claudii
867 1841 1097 1928 absque
1124 1843 1422 1905 mentione
1459 1838 1664 1905 urbis.
1719 1840 1862 1905 ΛΕ.

352 1940 662 2029 (Motelli
719 1941 937 2022 Impp.
974 1938 1059 1999 T.
1103 1938 1187 2001 11.
1220 1956 1288 2020 p.
1334 1953 1450 2019 52.
1514 1937 1716 1997 Patin
1773 1935 1862 1997 ad

352 2040 537 2104 Suet.
583 2039 650 2099 in
717 2034 953 2098 Claud.
1028 2051 1087 2096 c.
1164 2034 1273 2095 26.
1375 2028 1580 2100 Vaill.
1661 2031 1861 2096 Num.

357 2133 599 2197 Graec.
632 2152 697 2215 p.
743 2150 847 2213 15.
950 2125 1217 2210 Theup.
1256 2146 1322 2210 p.
1377 2130 1566 2207 844.)

452 2225 884 2292 Vocabulum
917 2224 1197 2298 I‘TNH,
1248 2243 1453 2299 uxor,
1506 2219 1863 2304 singulares

354 2324 485 2387 hos
518 2340 759 2387 numos
799 2317 1012 2391 facit;
1093 2336 1252 2379 nam
1302 2317 1370 2378 in
1432 2318 1655 2379 numis
1698 2332 1865 2377 uxo-

266 2466 271 2473 .
354 2439 504 2481 rum
541 2416 732 2493 aliis,
784 2414 895 2477 seu
951 2404 1255 2490 Latinis,
1341 2411 1449 2474 seu
1535 2408 1864 2485 Graecis,

355 2511 679 2598 supprimi
712 2509 1076 2572 consuevit.
1142 2506 1479 2571 'Videbar
1497 2519 1725 2568 tamen
1748 2505 1866 2566 mi-

355 2609 428 2672 hi
466 2608 631 2670 illud
669 2607 902 2670 videre
937 2605 1008 2666 in
1046 2622 1253 2666 numo
1299 2600 1709 2687 Cleopatrae
1735 2605 1868 2662 An-

356 2705 572 2781 tonii,
624 2720 825 2787 quem
873 2699 1057 2764 edidi
1113 2699 1183 2763 in
1232 2699 1401 2763 meis
1452 2697 1694 2763 Numis
1731 2705 1864 2760 vet.

359 2822 434 2886 p.
472 2815 643 2880 292.

378 2919 425 2954 α
1088 2892 1123 2924 ἢ

652 2942 1150 3054 Amanium.
1196 2942 1725 3052 eisonnrmp.
1748 2983 1862 3047 ca-

640 3095 760 3170 put
786 3087 1203 3170 Agrippinae.
1237 3141 1246 3151 .

358 3181 728 3247 ΣΑΜΙΩΝ.
781 3182 986 3247 Pavo.
1089 3177 1232 3242 AE.
1267 3179 1374 3240 111.
1428 3171 1626 3251 (Mus.
1648 3167 1866 3249 Caes.)

453 3275 886 3341 Praeclarum
924 3275 1101 3337 hunc
1149 3286 1423 3335 numum
1475 3269 1754 3354 vulgavi
1788 3269 1863 3330 in

313 3381 317 3388 '
357 3395 518 3438 mea
553 3372 828 3457 Sylloge
863 3372 914 3437 1.
960 3391 1024 3454 p.
1062 3388 1179 3451 39.
1308 3363 1631 3428 Illustrem
1695 3362 1868 3426 facit

290 3461 311 3476 ⁴
355 3487 606 3534 nomen
676 3463 1227 3549 ΘΕΟΜΗΤΩΒ,
1318 3460 1420 3524 dei
1482 3469 1722 3533 mater,
1776 3457 1864 3520 ab

359 3561 795 3628 adulantibus
832 3560 1076 3623 Samiis
1121 3555 1536 3641 Agrippinae
1581 3555 1817 3618 datum
1842 3598 1864 3630 ‚

353 3659 671 3725 nimirum
716 3658 876 3737 quia
924 3667 1138 3717 mater
1166 3651 1298 3714 fuit
1322 3650 1634 3735 Neronis,
1660 3668 1860 3731 quem

356 3775 403 3820 a
439 3753 549 3814 dei
589 3751 859 3812 nomine
891 3769 1026 3812 non
1076 3745 1532 3822 abhorruisse,
1602 3755 1673 3806 et
1732 3743 1865 3806 diis

353 3850 555 3930 saepe
595 3865 639 3908 a
678 3843 961 3906 Graecis
1004 3844 1516 3926 aequiparatum
1544 3886 1564 3917 ‚
1634 3840 1702 3901 in
1742 3837 1863 3900 hu·

352 3949 461 4028 jus
501 3950 775 4004 moneta
808 3937 1278 4022 intelligemus,
1407 3936 1675 3998 Nomen
1736 3936 1863 3997 Θευ

357 4041 574 4125 Μητηρ
604 4035 805 4120 saepe
834 4034 1129 4097 occurrit
1151 4033 1219 4095 in
1249 4030 1467 4093 numis
1498 4031 1861 4117 imperato·

286 4460 297 4464 ἠ
424 4490 487 4560 a)
516 4455 591 4543 ad
628 4491 834 4553 Charit.
869 4510 932 4563 p.
954 4493 1086 4561 564.

3217 584 3232 597 ’
3306 625 3444 695 259

1939 817 2091 862 rum
2149 793 2704 859 Orientis-infimi
2758 798 2911 881 aevi
2941 801 3138 881 juxta
3180 798 3449 864 iconem

1939 893 2219 976 virginis
2262 892 2368 953 dei
2424 890 2702 973 matris,
2779 905 3231 979 propagatum
3267 895 3450 959 dein-

1941 989 2025 1050 de
2067 988 2137 1048 in
2177 990 2314 1066 ejus
2357 985 2605 1049 tabulis
2648 987 2846 1069 pictis
2876 1033 2896 1064 ,
2982 1007 3151 1071 quas
3213 990 3456 1054 hodie.

1939 1102 2069 1176 q'ue
2109 1081 2322 1144 oculis
2365 1080 2777 1166 usurpamus,
2876 1082 3096 1167 Ipsum
3129 1102 3295 1147 vero
3334 1104 3455 1148 vo·

1940 1170 2258 1241 nabulum
2310 1178 2630 1261 Θεομητωρ
2677 1178 2919 1240 eodem
2975 1179 3158 1241 sensu
3206 1183 3459 1264 reperit

1937 1270 2328 1356 Ducangius
2380 1272 2450 1332 in
2516 1271 2906 1336 auctoribus
2957 1271 3346 1338 Christianis
3387 1295 3454 1338 e-

1934 1367 2204 1451 jusdem
2248 1366 2516 1429 aetatis.
2613 1370 2865 1431 Verum
2907 1370 2975 1432 in
3016 1369 3149 1435 hoc
3189 1369 3368 1434 sensu
3404 1374 3456 1436 i·
3591 1371 3600 1381 ’

1941 1474 2218 1547 gnotum
2268 1458 2398 1522 fuit
2458 1459 2827 1545 superiori,
2895 1465 3298 1548 medioque,
3396 1479 3465 1531 et

1946 1557 2123 1619 adeo
2164 1555 2431 1618 meliori
2470 1554 2887 1620 Graecorum
2942 1578 3119 1623 aevo
3154 1607 3175 1637 ,
3243 1559 3329 1625 fic
3384 1574 3461 1625 ut

1943 1652 2110 1714 illud
2155 1652 2224 1713 in
2257 1651 2763 1738 lexicographis
2795 1653 3137 1738 probioris
3181 1652 3461 1719 Graeci·

1944 1744 2106 1809 tatis
2129 1742 2381 1807 'frustra
2418 1766 2730 1829 quaerar..
2829 1754 2916 1813 At
2958 1767 3134 1813 nunc
3154 1769 3240 1814 ex
3268 1772 3461 1836 prae—

1945 1840 2126 1904 sente
2160 1840 2449 1903 Neronis
2487 1860 2693 1906 numo
2740 1847 3082 1930 cognitum
3161 1848 3462 1913 melioris

1947 1936 2009 1999 se
2052 1935 2296 1998 aetatis
2361 1936 2717 2001 vocabulis
2804 1941 3067 2004 misceri
3149 1940 3461 2025 postulat.

1948 2032 2174 2096 Serius
2213 2032 2357 2093 vidi
2399 2031 2954 2101 commonstrante
2995 2038 3222 2102 locum
3290 2036 3483 2112 amr„

1948 2125 2212 2191 cissimo
2253 2126 2522 2187 Barone
2559 2126 2864 2207 Locella,
2916 2151 2961 2193 a
2998 2132 3342 2197 Dorvillio
3377 2156 3463 2199 ex

1946 2219 2365 2284 Manethone
2408 2221 2680 2284 recitari
2712 2223 2930 2288 verba
2963 2229 3282 2309 θεομητωρ
3316 2241 3460 2295 κόσ-

1946 2335 2105 2397 μος,
2158 2315 2341 2398 quod
2378 2315 2477 2377 ait
2516 2330 2700 2379 recte
2738 2321 2953 2383 verti:
3006 2320 3256 2385 divinus
3287 2343 3465 2388 mun-

1943 2410 2084 2475 dus·
2137 2415 2193 2485 ⁸)
2247 2409 2380 2471 Sed
2429 2411 2498 2472 in
2549 2411 2682 2475 hoc
2730 2415 3076 2479 vocabulo
3120 2437 3189 2480 το
3249 2437 3461 2506 μητωρ

1914 2505 2215 2569 4(ἱιιοὶῑιιτ
2291 2524 2337 2566 a
2410 2506 2728 2588 μηδομοὶι,
2780 2509 3081 2591 adibeo-o,
3130 2512 3398 2578 meditor
3431 2559 3454 2593 ‚

1951 2613 2156 2683 atque
2190 2599 2346 2663 hinc
2383 2604 2563 2686 apud
2584 2603 2991 2687 Hesychium
3016 2605 3104 2669 est
3120 2608 3462 2693 θεομητεω,

1950 2690 2132 2781 apud
2161 2696 2477 2760 Nonnum
2510 2698 2817 2782 θεομητις.
2920 2699 3234 2767 Ceterum
3266 2720 3457 2791 repe-

1945 2792 2052 2855 rio
2093 2794 2164 2855 in
2205 2791 2589 2857 Samiorum
2619 2794 2798 2859 sensu
2852 2798 3117 2882 Tyrum
3161 2797 3465 2863 urbema

1947 2887 2301 2971 Meleagro
2357 2886 2721 2954 Gadarene
2787 2893 2925 2957 dici
2987 2895 3275 2972 θεοπαις,
3346 2895 3459 2960 feu

1946 2981 2233 3140 gitgfilia,
2285 2971 2354 3065 ¹³)
2405 3003 2656 3071 nempe
2684 2985 3021 3079 Herculis,
3050 3008 3098 3054 a
3125 3008 3266 3073 quo
3302 3010 3459 3055 con·

2237 3157 3079 3260 rorA1A.Ar1>1nn1NA
3129 3176 3461 3248 intr-atau-

2238 3288 2432 3334 ream.

1947 3361 2597 3432 T1..KAATA10C;
2650 3368 2996 3438 ΚΑ-ῙΕΛΡ.
3062 3355 3328 3440 rems.
3379 3372 3459 3444 Ξ..

1948 3457 2058 3520 m.
2138 3458 2320 3524 Duae
2376 3460 2587 3552 spicat
2647 3462 3000 3557 decuffatae.
3137 3470 3283 3536 ΛΕ.
3347 3474 3459 3535 111.

1949 3549 2153 3635 (Mus.
2199 3552 2421 3639 Caes.)
2485 3611 2500 3632 ,

2039 3645 2299 3709 Numus
2363 3637 2720 3738 Iud'aicuS,
2790 3658 2906 3741 qui
2992 3656 3192 3724 lutiae
3243 3660 3459 3746 gentis

1946 3760 2194 3804 nomen
2233 3741 2403 3806 [istit.
3162 3738 3186 3747 ”

2044 3836 2253 3899 Numi
2287 3839 2726 3908 Alexandrini
2762 3848 3177 3933 Agrippinae
3205 3850 3459 3936 partim
3533 3825 3546 3838 ⁵

1943 3932 2321 4015 imperante
2365 3931 2696 4024 Claudio,
2745 3942 2995 4025 partim
3051 3944 3322 4009 Nerone
3379 3943 3457 4020 fif

1949 4028 2138 4113 gnati
2171 4026 2370 4106 sunt2
2413 4051 2583 4116 quos
2621 4033 2737 4098 suo
2780 4035 2937 4100 loco
2980 4038 3317 4105 dedimus.

1252 4493 1259 4500 “
1306 4487 1365 4552 h)
1403 4485 1627 4540 Brunek
1661 4486 1833 4540 Anal.
1871 4485 2001 4540 Vol.
2039 4487 2086 4541 1.
2124 4505 2187 4558 p.
2222 4503 2320 4556 33.

2819 4606 2976 4670 ΚΕ
3029 4624 3086 4671 2.
