4225 5450
1363 534 2316 621 VESPASIANVS.

3238 568 3379 635 337

293 753 379 821 de
424 748 608 832 euius
643 744 715 812 in
747 736 976 811 Gallia
1004 737 1377 808 rebellione
1412 742 1673 829 egimus
1707 742 1801 806 ad
1876 753 2173 806 tremore
2206 740 2407 805 urbes
2437 734 2716 805 restituit
2738 787 2758 817 ‚
2811 738 2922 804 sed
2952 742 3151 807 novis
3187 742 3394 808 etiam

292 867 543 914 annum
579 847 665 910 V.
714 840 788 910 C.
844 855 1030 926 823,
1083 860 1233 905 cum
1277 838 1395 902 lx.
1455 857 1671 903 annos
1729 839 1801 901 in

284 943 603 1032 spelunca
626 937 899 1003 abditus
935 936 1217 1015 lateret,
1266 946 1612 1021 repertus,
1662 934 1799 996 Ro·

286 1058 472 1104 mam
523 1035 884 1122 perductus
920 1079 940 1111 ,
993 1045 1061 1096 et
1102 1051 1253 1096 cum
1296 1049 1509 1094 uxore
1583 1041 1802 1092 morte

287 1133 599 1199 adfectus
637 1127 749 1193 est.
798 1127 862 1211 ⁸)
914 1129 1208 1192 Moritur
1228 1123 1667 1209 Vespasianus
1686 1124 1805 1188 lx.

289 1229 446 1294 Kal.
519 1226 647 1289 Iul.
699 1243 951 1288 annum
1045 1242 1251 1308 agens
1317 1220 1555 1283 LXIX.
1610 1217 1807 1304 super

289 1323 546 1388 menses
595 1319 748 1385 v11.
801 1337 885 1382 ac
922 1317 1071 1381 dies
1108 1318 1396 1381 totidem
1428 1366 1451 1398 ,
1495 1303 1565 1397 ¹l)
1635 1311 1807 1401 post·

291 1438 502 1503 quarn
520 1417 676 1479 inde
700 1435 742 1476 a
771 1413 927 1477 Kal.
952 1412 1073 1477 Iul.
1094 1426 1229 1487 822
1250 1431 1465 1477 annos
1484 1404 1806 1474 IX.'men·

288 1514 391 1578 ses
421 1513 542 1576 xl.
575 1510 719 1573 dies
756 1508 1002 1573 XXIII.
1041 1510 1441 1595 imperando
1460 1504 1804 1591 explesset.

388 1608 551 1672 Fuit
601 1606 708 1668 vir
763 1605 847 1667 iis
890 1604 1311 1690 temporibus
1369 1602 1811 1677 necessarius»,

294 1705 416 1787 qui
449 1713 753 1766 veterem
784 1701 1053 1785 imperii
1089 1699 1507 1784 splendorem
1534 1714 1806 1783 praece·

291 1798 600 1865 dentium
623 1793 987 1858 Caesarum
1021 1795 1299 1881 ignavia
1331 1815 1414 1858 ao
1450 1791 1817 1857 sceleribus

294 1893 835 1959 contaminatum
877 1891 1142 1976 egregie
1172 1889 1571 1952 vindicavit.
1674 1886 1811 1968 Qui

295 1993 440 2073 ejus
475 1990 691 2052 vitam
715 1988 1092 2049 memoriae
1135 1982 1526 2071 prodidere,
1559 1979 1814 2067 copiosi

290 2085 441 2148 sunt
471 2085 541 2145 in
575 2081 1120 2144 commendanda
1155 2076 1576 2162 ejusj'ufiitia‚
1628 2094 1813 2138 man·

1883 836 2212 900 aedificiis
2291 835 2528 901 urbem
2584 838 2890 914 ornavit,
2960 840 3136 904 inter
3222 860 3401 926 quae

1881 930 2214 1017 templum
2249 932 2448 997 Pacis
2495 945 2776 1019 propter
2823 937 3399 1020 magnitudinem,

1885 1039 1953 1091 et
1986 1024 2556 1113 magnificentiam
2597 1028 3037 1094 admirationi
3064 1030 3216 1116 fuit,
3256 1052 3404 1095 am·

1883 1121 2348 1210 phitheatrum
2389 1144 2558 1188 vero
2594 1126 2665 1188 in
2720 1124 2901 1189 hune
2944 1129 3125 1191 diem
3182 1129 3400 1193 maxi-

1883 1238 2000 1282 ma
2027 1216 2124 1281 sui
2151 1231 2343 1304 parte
2367 1218 2679 1306 superstes
2715 1224 2855 1305 ejus
2880 1221 3229 1289 liberalem
3258 1225 3401 1289 ani-

1885 1334 2070 1377 mum
2103 1313 2284 1377 serae
2314 1312 3164 1402 posteritatidepraedicat.
3219 1320 3402 1403 Quin

1887 1423 1955 1474 et
1988 1409 2369 1477 consulares
2408 1412 2649 1496 inopes
2699 1413 3048 1499 quingenis
3100 1415 3410 1480 sestertiis

1883 1506 2331 1584 sustentando,
2383 1508 2670 1592 aliisque
2699 1506 3225 1576 liberalitatibus
3266 1530 3404 1573 me·

1885 1605 2061 1681 ruit,
2110 1602 2292 1669 ut.-in
2341 1594 2936 1687 om'ne'hominum
2981 1625 3186 1690 genus
3239 1603 3412 1669 libe-

1886 1698 2257 1785 ralissimus
2294 1714 2338 1761 a
2395 1698 2720 1787 Suetonio
2760 1699 3114 1763 diceretur.
3166 1700 3228 1785 ⁶)

2171 1793 2359 1855 IMP.
2392 1790 2761 1857 CAESAR.
2782 1794 3272 1861 VESPASIAN
3279 1795 3409 1867 VS.

2174 1884 2387 1952 AVG.
2427 1888 2628 1973 Caput
2660 1889 3032 1958 tauream.

1891 1982 2083 2048 COS.
2123 1980 2343 2048 VIIII.
2386 1983 2539 2045 TR.
2575 1983 2791 2065 POT.
2827 1987 2909 2051 X.
2960 1987 3202 2053 Statua
3242 1987 3414 2074 capi-

1890 2089 1951 2144 te
1994 2077 2250 2144 radiato
2298 2078 2360 2144 d.
2405 2073 2635 2164 Ῐιᾳβαηι
2666 2080 2924 2167 insfiens
2957 2082 3273 2147 columnae
3310 2106 3414 2149 ro·
3539 2087 3562 2109 '

288 2179 683 2252 suetudine,
725 2176 1127 2260 integritate..
1229 2171 1461 2237 Comis
1497 2192 1656 2255 erga
1673 2190 1816 2233 om·
1873 2176 2142 2263 stratae.
2242 2171 2317 2233 In
2352 2172 2543 2236 aliis:
2601 2172 3057 2258 Capricornus,
3116 2177 3482 2243 Victoria

295 2294 467 2355 nes,
521 2283 590 2333 et
626 2270 919 2333 accessus
971 2262 1237 2349 facilis,
1292 2270 1539 2353 quique
1575 2284 1818 2352 graves
1897 2278 2006 2333 etc.
2059 2269 2207 2331 AV.
2249 2267 2401 2337 AR.
2455 2268 2659 2352 (Mus.
2699 2267 2916 2348 Caes.)

296 2366 578 2453 imperii
630 2384 879 2453 curas‘,
931 2366 1020 2428 ad
1063 2384 1229 2446 quas
1270 2362 1597 2426 summam
1652 2361 1819 2445 vigi-

294 2450 631 2539 l'antiam',
687 2472 753 2521 et
791 2458 1184 2523 indefessum
1228 2457 1507 2523 studium
1552 2455 1820 2534 attulit,

295 2557 602 2632 facetiis,
650 2552 1240 2637 familiaribusque
1273 2555 1448 2638 Jocis
1483 2564 1819 2637 tempera·

293 2674 373 2718 re
419 2651 649 2715 solitus
702 2663 883 2729 erat,
937 2669 1223 2736 quorum
1280 2648 1639 2735 complura
1706 2666 1817 2710 ex·

296 2747 534 2834 empla
568 2745 874 2832 prodidit
906 2746 1289 2809 Suetonius.

297 2843 534 2908 claros
570 2859 794 2902 mores
836 2859 972 2905 una
1031 2841 1358 2925 pecuniae
1407 2858 1814 2903 coacervan-

297 2940 434 3001 dae
482 2935 859 3019 cupiditaS,
934 2949 1001 2998 et
1062 2937 1339 3020 indigna
1396 2954 1478 2997 eo
1549 2932 1817 3020 fastigio

296 3031 603 3098 avaritia
657 3049 1084 3116 corrumpere
1130 3029 1218 3094 est
1284 3029 1469 3107 visa,
1558 3029 1817 3093 tametsi

292 3137 586 3216 propter
621 3124 1011 3188 exhaustum
1062 3127 1326 3209 penitus
1359 3127 1698 3188 aerarium
1726 3127 1819 3189 ad

294 3243 419 3287 eas
454 3222 520 3284 se
559 3222 786 3284 sordes
812 3222 882 3284 vi
917 3222 1331 3306 compulsum
1367 3219 1815 3305 profiteretur.

288 3319 490 3382 Idem
532 3327 800 3393 tamen,
855 3303 987 3397 qui'
1008 3317 1329 3401 privatim
1384 3336 1652 3401 parcus,
1717 3320 1814 3381 vi·

294 3425 414 3477 tae
466 3411 821 3492 modicae,
876 3413 1044 3473 etin
1113 3410 1582 3475 exactionibus
1643 3413 1818 3476 seve-

291 3528 415 3571 rus
453 3503 625 3587 fuit,
678 3508 940 3590 egregie
979 3526 1060 3569 ac
1104 3505 1369 3592 profuse
1401 3505 1819 3570 liberalibfu·

293 3604 398 3678 it,
457 3619 621 3661 cum·
666 3601 766 3662 ad·
811 3602 1364 3685 amplificandum
1426 3603 1650 3680 urbis,
1740 3622 1820 3667 ac

292 3694 576 3778 imperii
612 3694 1142 3779 ‹iecus,sumptus
1206 3710 1399 3759 erant
1480 3697 1818 3774 faciendi3

293 3808 466 3854 nam
507 3806 651 3848 norr
672 3789 889 3849 modo
949 3783 1360 3873 Capitolium
1414 3791 1644 3878 insigni
1682 3814 1822 3858 ma-

298 3880 693 3970 gnificentia
731 3879 1083 3961 exstruxit,
1138 3886 1398 3969 reliqua
1433 3908 1820 3953 monumen·

294 3993 375 4044 ta
428 3979 675 4041 eodem
716 3996 867 4039 cum
922 3977 1268 4063 Capitolio
1315 3983 1627 4046 incendio
1678 4003 1821 4046 cor-

212 4133 227 4140 „
280 4084 509 4158 rupta
548 4073 934 4156 reparavit,
988 4076 1494 4157 aquaeductuS,
1549 4098 1632 4140 ac
1672 4079 1822 4142 vias

292 4188 433 4253 per
461 4169 823 4252 impertum
871 4169 1192 4247 vitiatae,
1246 4169 1560 4234 adflictas
1600 4185 1823 4234 terrae

1406 2745 1585 2806 Tam
1618 2762 1819 2827 prae·
1940 2757 1949 2765 ·

1942 2352 1949 2360 ’
1993 2361 2101 2427 De
2141 2360 2418 2425 aversae
2460 2364 2707 2448 prioris
2771 2375 2941 2450 typo
2978 2369 3120 2451 jam
3159 2370 3416 2454 egimus

1902 2459 1992 2523 ad
2033 2460 2120 2522 V.
2158 2454 2232 2519 C.
2278 2469 2457 2543 829,
2511 2458 2753 2545 reliqui
2815 2461 3263 2527 memorabile
3316 2468 3417 2532 ni·-

1900 2552 2000 2618 hil
2037 2550 2376 2623 adferunt.

2373 2751 2498 2817 Nu
2517 2772 2577 2816 m
2597 2754 2621 2815 ι’
2718 2773 2758 2818 υ
2783 2773 2889 2837 ag
2903 2755 2948 2817 ἱ.

2191 2844 2375 2909 ΙΜΡ.
2396 2845 2765 2912 CAESAR.
2787 2844 3279 2912 VESPASIAN
3283 2849 3430 2919 VS.

2187 2938 2397 3003 AVG.
2430 2941 2629 3027 Caput
2659 2943 3023 3008 laureatum.

1897 3031 2497 3098 AETERNITAS.
2553 3040 2809 3123 Figura
2833 3042 3016 3129 stans
3054 3041 3141 3106 ad
3177 3062 3362 3110 aram
3389 3091 3410 3125 ,

1898 3131 1959 3288 g.
2000 3131 2444 3309 ‘gasak’
2473 3131 2534 3218 s
2577 3133 2806 3199 Lunae.
2889 3138 3037 3203 AV.
3111 3137 3410 3224 (Medio-

1950 3245 2025 3289 ar
2080 3273 2096 3289 .
2138 3237 2147 3248 ·

1996 3322 2192 3384 H'aer.
2229 3322 2470 3386 aversa
2511 3342 2687 3387 nunc
2753 3328 3046 3409 primum
3102 3334 3415 3397 occurrit}

1900 3415 2123 3495 Vide,
2177 3437 2352 3501 quae
2386 3418 2470 3481 de
2513 3439 2598 3482 ea
2647 3420 3036 3486 notabimus
3076 3426 3145 3488 in
3196 3432 3417 3493 numis

1902 3512 2188 3594 Traiani
2239 3513 2329 3575 ad
2363 3515 2454 3578 V.
2522 3512 2598 3580 C.
2649 3517 2790 3592 864
2809 3563 2842 3595 „
2882 3531 2949 3581 et
3014 3518 3247 3588 Severi
3325 3526 3417 3588 ad

1902 3608 2001 3671 V‘..
2032 3605 2108 3671 C'.
2152 3626 2313 3689 955.

2194 3701 2429 3767 Eadem
2478 3703 2755 3793 adis-ersa.

1904 3793 2169 3861 IOVIS.
2211 3795 2571 3866 CVSTOS.
2631 3803 2922 3887 Iuppiter
2975 3805 3183 3876 nudas
3239 3813 3420 3903 stans

1903 3901 2047 3956 ante
2093 3910 2277 3958 aram
2298 3937 2319 3968 ,
2372 3892 2436 3968 d.
2482 3905 2812 3983 pateram,
2843 3900 2906 3987 s.
2962 3922 3167 3970 aram.
3267 3911 3434 3972 Avt.-

1903 3987 2051 4049 AR.
2106 3983 2323 4069 (Mus.
2359 3987 2572 4069 Caes.)

1972 4081 2212 4144 IOVIS
2229 4082 2512 4167 politum
2532 4086 2601 4147 in
2617 4099 2803 4151 recto
2825 4110 2949 4172 pro
2967 4093 3416 4162 lvPPITER.

1907 4177 2128 4239 Varro
2155 4199 2171 4239 ε
2197 4167 2278 4259 ‘¹5
2311 4179 2630 4262 Iuppiter,
2674 4182 2720 4246 I
2716 4187 2880 4263 ovis,
2910 4190 3185 4268 etIovis,
3218 4192 3413 4272 Iovis.

286 4332 3419 4381 Μ

371 4399 436 4460 a)
474 4397 587 4449 Dio
622 4401 687 4452 L.
725 4402 937 4463 var.
973 4404 1017 4474 5,
1048 4404 1128 4457 ι6.
1197 4402 1569 4467 Plutareb,.in
1608 4408 1940 4470 Amatorio..

299 4468 374 4529 1».
415 4465 503 4518 ι..
522 4464 619 4526 ub,
658 4469 803 4521 vn-

409 4541 591 4620 (eat.
653 4541 817 4627 VJ.)

2722 4419 2768 4483 e)
2809 4417 2948 4492 Cap.
2992 4439 3088 4489 ¹7·-

2865 4566 2927 4631 V
2983 4586 3042 4628 u.

2081 4397 2152 4480 b)
2190 4411 2338 4489 Suet.
2379 4429 2422 4467 e.
2460 4428 2546 4479 24,
3244 4423 3300 4492 d)
3341 4427 3436 4482 du.-
