4225 5450
1697 519 2089 601 ΟΤΗΟ.

3323 553 3458 619 3⁰¹

362 722 619 801 entiam
652 683 945 808 probata
980 719 1234 784 Neroni
1273 692 1423 798 eins*
1445 720 1614 783 vita.
1666 718 1871 781 Brevi
1956 740 2214 807 parare⁴
2235 717 2439 783 facile
2482 722 2818 801 iacturam
2867 721 3217 807 potuill’et,
3293 724 3468 788 mili-

362 834 593 889 tamen
637 821 821 887 inter⁴
862 829 1218 900 utrumque
1276 816 1642 878 intercessit
1687 815 1871 876 dissi-

360 916 593 991 dium,
647 932 797 977 cum
848 912 1030 975 Nero
1080 912 1480 995 Poppaeam
1543 909 1869 983 Sabinam

360 1009 719 1092 deperiret,
770 1026 978 1092 quarn
1020 1006 1266 1068 marito
1306 1005 1670 1075 abductam
1697 1022 1867 1066 uxo·

354 1123 502 1167 rem
545 1104 787 1169 ducere
830 1102 1127 1185 parabat
1159 1099 1368 1181 Otho,
1419 1119 1633 1182 neque
1672 1098 1865 1160 cede-

354 1218 433 1261 re
472 1198 675 1262 rivali
714 1194 1005 1261 Caesari.
1104 1196 1234 1257 Per
1286 1193 1614 1257 honorem
1665 1193 1868 1277 igitur

357 1313 405 1357 a
440 1293 711 1355 Nerone
746 1291 1058 1376 sepositus
1092 1292 1159 1353 in
1210 1288 1660 1365 Lusitaniam,
1715 1305 1866 1349 eam

355 1388 785 1474 provinciam
817 1374 1147 1453 decennio
1185 1382 1491 1470 [iugulari
1555 1381 1865 1444 modera-

356 1486 584 1571 tione,
638 1495 705 1547 et
741 1479 1138 1545 abstinentia
1188 1478 1391 1553 rexit.
1504 1464 1867 1541 Deficie'nti

357 1573 936 1655 subindetGalbae
961 1576 1024 1639 se
1062 1578 1315 1660 primus
1356 1574 1618 1658 Junxit,
1672 1571 1865 1639 obla·

359 1687 438 1737 ta
474 1674 683 1735 etiam
722 1673 789 1734 in
836 1673 1161 1756 pecuniae
1202 1671 1385 1734 usum
1424 1687 1634 1732 aurea
1661 1680 1729 1729 et
1755 1687 1862 1731 ar-

358 1780 604 1854 gentea
668 1765 1076 1851 supellectile
1125 1812 1144 1841 ,
1198 1763 1261 1846 ⁸)
1354 1762 1619 1847 fuitque
1683 1761 1864 1825 dein-

360 1882 520 1947 ceps
560 1861 956 1949 imperatori
988 1857 1199 1941 finus,
1236 1860 1455 1922 donec
1487 1858 1869 1942 praelatum

359 1958 478 2021 fibi
517 1958 586 2019 in
623 1958 997 2042 adoptione
1026 1955 1329 2018 Pisonem
1369 1954 1562 2017 vidit.
1668 1949 1865 2015 Com-

358 2050 588 2117 motus
638 2052 840 2136 igitur
882 2070 1033 2113 cum
1072 2048 1308 2113 dolore
1337 2046 1672 2122 offensae,
1723 2058 1867 2109 tum

364 2148 543 2215 aeris
577 2145 778 2208 alieni
822 2146 1319 2229 magnitudine,
1372 2145 1555 2231 quod
1591 2142 1868 2206 abolere

359 2240 477 2307 nifi
523 2242 591 2303 in
625 2240 881 2304 summo
918 2238 1183 2324 fastigio
1220 2259 1353 2307 non
1372 2248 1663 2325 poterat,
1689 2254 1866 2297 com·

358 2334 591 2423 politis
637 2334 881 2398 insidiis
922 2355 965 2397 a
1010 2336 1245 2421 paucis
1286 2336 1576 2419 primum
1629 2332 1867 2395 saluta·

364 2445 473 2494 tus
529 2433 940 2516 imperator,
992 2449 1155 2492 mox
1203 2432 1472 2512 adjutus
1526 2450 1573 2493 a
1638 2424 1867 2490 militi-

362 2525 489 2591 bus
521 2540 644 2611 per
668 2527 969 2611 ingentes
1004 2525 1530 2611 pollicitationes
1561 2521 1870 2595 adlecti&

363 2632 431 2685 et
469 2619 734 2685 Galbae
801 2634 1074 2707 propter
1148 2621 1513 2685 avaritiam
1589 2615 1867 2682 infensis

363 2713 542 2782 hunc
582 2716 1003 2792 cum-Pisone
1059 2708 1344 2782 interfici
1406 2715 1595 2796 jubet
1657 2715 1741 2777 V.
1786 2710 1865 2778 C.

367 2825 503 2887 822
568 2814 679 2876 die
724 2813 863 2874 XV.
904 2813 1221 2892 Ianuarii.
1337 2811 1683 2897 Principia
1745 2809 1865 2871 im·

364 2907 539 2996 perii
572 2908 761 2972 mitia
808 2927 889 2970 ac
934 2908 1290 2971 moderata
1348 2906 1573 2991 fuere,
1622 2922 1867 2990 cogno·

354 3021 522 3066 men
568 3003 773 3067 etiam
812 3002 1104 3065 Neronis
1146 3001 1264 3066 fibi
1299 3002 1450 3065 dari
1477 3002 1566 3064 ad
1593 3010 1869 3084 captan-

362 3095 527 3164 dam
558 3096 836 3162 infimae
866 3098 1089 3183 plebis
1120 3099 1410 3183 gratiam
1448 3115 1585 3159 non
1622 3094 1867 3159 abhor-

362 3193 521 3257 ruit.
660 3197 752 3256 At
800 3194 1022 3277 qualis
1094 3191 1412 3255 evasurus
1454 3190 1665 3269 esset,
1747 3209 1870 3274 per

362 3286 571 3354 breve
600 3302 669 3353 et
703 3290 1119 3373 impacatum
1156 3283 1424 3371 imperii
1463 3298 1732 3372 tempus
1773 3282 1870 3349 in'-

362 3383 572 3468 telligi
604 3403 739 3447 non
770 3387 1012 3467 potuit.
1100 3383 1287 3446 'Nam
1308 3401 1458 3444 cum
1491 3383 1728 3465 paucis
1756 3392 1891 3443 an·’

363 3491 432 3541 te
474 3479 711 3543 diebus
771 3477 1069 3562 legiones
1128 3474 1536 3544 Germaniae
1590 3475 1868 3540 Vitellio

361 3575 726 3657 imperium
760 3572 1184 3650 detunirent,
1248 3572 1492 3656 hicque
1543 3591 1693 3636 cum
1759 3591 1868 3656 ge-

362 3669 622 3732 minato
656 3667 953 3730 exercitu
991 3668 1232 3731 Italiae
1268 3668 1677 3744 immineret,
1726 3678 1865 3728 ten-

1955 828 2194 896 tesque
2227 816 2440 877 vitam
2474 834 2556 876 ac
2581 815 2962 899 sanguinem
2993 838 3120 903 pro
3146 822 3285 900 ejus
3307 836 3462 882 cau-

1952 911 2021 973 sa
2041 908 2383 991 offerrent,
2412 922 2638 971 tamen
2675 909 3090 993 reipublicae
3128 914 3349 991 causa,
3395 927 3470 977 ut

1953 1016 2346 1089 parceretur
2377 1002 2667 1080 civibus,
2695 1002 2886 1071 cessit
2919 1007 3219 1091 Vitellio,
3270 1009 3467 1092 seque

1950 1099 2085 1184 ipse
2107 1100 2371 1182 ingente
2390 1096 2677 1160 militum
2706 1100 2943 1163 dolore
2966 1121 3047 1163 ac
3065 1102 3246 1165 luctu
3266 1104 3465 1167 inter·

1952 1196 2138 1270 emit,
2159 1191 2424 1275 fuitque
2445 1211 2625 1255 mors
2645 1192 3066 1277 fortisanimo
3108 1195 3300 1261 obita
3325 1218 3465 1261 ma·

1951 1308 2083 1375 gno
2102 1286 2418 1350 omnibus
2442 1287 2799 1367 miraculo,
2822 1291 2935 1373 qui
2981 1292 3256 1377 mollem
3279 1296 3417 1374 eius
3440 1341 3463 1369 ,
3543 1296 3552 1307 ‘

1950 1381 2340 1465 fluxamque
2391 1384 2602 1445 vitam
2624 1429 2643 1460 ,
2695 1403 2779 1447 ac
2831 1378 3202 1451 munditias
3246 1407 3466 1474 paene,
3525 1372 3532 1379 ⁵

1918 1502 1925 1505 ἢ
1951 1477 2318 1542 muliebres
2348 1495 2620 1541 novere.
2669 1477 2824 1560 Qua
2841 1494 3065 1543 motus
3085 1481 3467 1547 incredibili

1950 1571 2320 1639 constantia
2351 1570 2693 1637 Martialis
2730 1593 2867 1637 non
2897 1575 3236 1640 dubitavit
3255 1575 3463 1640 Cato·

1948 1671 2018 1734 ni
2061 1666 2400 1731 Othonem
2452 1666 2893 1752 compararet
2946 1658 3011 1753 ¹³)

2002 1792 2011 1797 ⁴
2044 1765 2158 1831 Sic
2203 1763 2359 1829 Cato
2402 1762 2545 1824 dum
2598 1764 2757 1863 vivit
2775 1813 2800 1850 ,
2832 1765 2991 1850 sane
3054 1766 3153 1832 vel
3198 1765 3464 1854 Caesare

2146 1954 2317 2020 Dum
2357 1956 2629 2020 moritur
2650 2004 2674 2033 ,
2721 1957 2999 2044 nunquid
3022 1883 3462 2043 :zg’othe-

1953 2144 2269 2217 Mortuus
2311 2140 2399 2205 est
2445 2144 2558 2207 die
2610 2144 2787 2209 XVI.
2850 2053 3458 2231 Αρὲῗίζκὶζὶέεάεω

1955 2222 2118 2301 dni
2153 2239 2239 2300 V.
2275 2234 2350 2299 C.
2394 2250 2530 2309 322
2568 2238 2853 2323 septimo
2888 2254 2954 2303 et
2986 2239 3315 2304 trieefimo
3346 2261 3459 2304 an—

1954 2350 2090 2409 no,
2145 2334 2410 2417 imperii
2451 2334 2561 2396 die
2627 2334 2861 2419 quinto
2911 2348 2977 2398 et
3008 2334 3457 2421 nonagesimo.
3551 2414 3560 2419 ‚

1954 2426 2308 2490 Modicum
2359 2430 2498 2509 ejus
2554 2444 3059 2494 monumentum
3096 2431 3279 2512 apud
3316 2431 3458 2492 Bri·

1952 2522 2190 2589 xillum
2216 2568 2233 2596 ,
2287 2518 2844 2610 inscriptumque:
2901 2527 2999 2591 M.
3026 2523 3461 2601 OTHONIS,

1955 2618 2182 2682 adhuc
2217 2618 2585 2705 Plutarcho
2643 2622 3067 2705 conspectum
3124 2616 3277 2683 fuit.
3380 2619 3459 2681 E·

1947 2718 2057 2799 jus
2090 2712 2603 2779 tumultuarium
2644 2715 2997 2801 imperium
3052 2712 3250 2778 nobis
3313 2714 3460 2778 scri·

1953 2822 2145 2896 ptum
2227 2809 2559 2891 reliquere
2642 2812 2926 2877 Tacitus
2955 2858 2988 2889 ,
3049 2810 3459 2887 Suetonius,

1948 2903 2386 2985 Plutarchus,
2435 2905 2596 2970 Dio.
3515 2893 3523 2901 ⁸

2553 3098 2627 3162 N
2641 3101 2799 3162 unzi
2832 3124 2856 3163 .-

2046 3189 2264 3270 Hujus
2304 3191 2486 3264 numj
2521 3192 2877 3256 commatis
2903 3193 3238 3275 Romani,
3290 3208 3460 3277 quos

1952 3305 2201 3349 aureos
2240 3299 2304 3347 et
2335 3298 2715 3369 argenteos,
2767 3291 2948 3370 quod
2966 3287 3280 3365 sciamus,
3312 3302 3458 3354 tan-

1938 3393 2093 3444 ·tum
2142 3379 2329 3443 fuisse
2361 3378 2540 3444 infra
2581 3381 2878 3445 dicemus
2903 3429 2929 3457 ,
2963 3382 3151 3445 duas
3196 3394 3461 3450 tantum

1934 3476 2252 3538 diversas
2287 3476 2536 3561 capitis
2592 3476 3055 3562 inscriptiones
3122 3476 3458 3559 offerunt,

1952 3568 2273 3653 neglectis
2315 3571 2506 3654 aliia,
2558 3591 2729 3656 quas
2780 3574 3102 3657 proponit
3153 3573 3458 3638 Morelli-

1952 3685 2075 3740 us,
2127 3665 2232 3728 sed
2307 3668 2390 3729 de
2437 3666 2682 3752 quibus
2768 3678 3025 3731 certum
3088 3669 3456 3750 judicium.

268 3785 278 3792 ·
358 3763 525 3826 tatis
583 3758 823 3824 frustra
872 3763 1065 3844 pacis
1114 3761 1612 3825 conditionibus
1678 3762 1867 3824 obvi·
1943 3759 2154 3822 {intne
2197 3761 2391 3841 hujus
2475 3763 2883 3840 commatis,
2933 3760 3094 3827 ferri
3173 3767 3456 3852 nequits,

361 3863 474 3922 am
506 3854 669 3924 hosti
694 3855 984 3918 eundum
1018 3854 1168 3928 fuit,
1254 3857 1701 3942 -1pso-Brixilli
1718 3855 1862 3918 sub·
1927 3874 2100 3917 cum
2155 3876 2342 3919 more
2371 3858 2490 3920 suo
2523 3870 2751 3943 partes
2796 3858 3060 3922 anticas
3101 3876 3145 3920 a
3188 3858 3456 3941 'posticis

354 3951 609 4018 liflente
684 3952 894 4014 duces
940 3949 1231 4013 feliciter
1280 3950 1643 4033 aliquoties
1710 3971 1860 4014 cum
1940 3948 2250 4013 divellat.

356 4048 740 4116 Vitellianis
777 4045 1146 4132 congressi,
1195 4047 1475 4118 tandem
1511 4046 1863 4110 interneci-

2043 4044 2238 4110 1MP.
2269 4014 2557 4110 oTflo.
2605 4044 2980 4109 CAESAR.
3033 4046 3243 4110 Avo.
3301 4048 3451 4111 Te.

358 4163 490 4208 one
520 4142 1160 4229 apud‚Bedriacum
1210 4140 1381 4205 caeli
1423 4140 1608 4214 *lunt3
1677 4142 1861 4219 cujus
1941 4139 2018 4205 P.
2060 4153 2167 4203 et:

232 4247 249 4256 ·
356 4239 571 4303 cladis
609 4251 894 4323 accepto
942 4238 1188 4308 nuncio
1271 4235 1379 4300 etsi
1415 4235 1859 4318 adventanti·

2044 4221 2230 4299 IMP'.
2287 4237 2388 4302 M.
2468 4233 2753 4298 orno,
2818 4232 3190 4322 CAESAR.
3240 4233 3449 4301 AVG.

280 4415 285 4420 ἢ
352 4331 478 4395 bus
516 4334 1282 4417 quaquaversumnovis
1345 4331 1718 4430 legionibus
1740 4351 1854 4393 re·
1918 4331 2085 4394 ΤΒ.
2134 4332 2209 4397 Ρ.

416 4541 473 4602 a)
513 4538 782 4599 Plutarch.
820 4544 879 4593 in
916 4540 1121 4601 Othon.
1162 4540 1312 4595 Suet.
1346 4560 1396 4595 c.
1435 4556 1483 4602 4.

1676 4538 1747 4602 b)
1780 4539 1846 4600 L,
1884 4542 1985 4593 Vt.
2024 4542 2194 4612 epigr.
2226 4556 2311 4608 32·
