4225 5450
1441 554 1626 635 AV
1646 546 2214 634 GVSTVS..

299 754 464 820 oiim
505 710 940 825 Teonfflathm
990 752 1213 829 inivit.
1326 756 1532 822 Vixit
1594 771 1810 821 anuos

302 850 569 916 LXXV.
600 850 855 916 menses
889 851 971 915 X.
1005 852 1152 914 dies
1181 849 1425 917 XXVI.
1478 849 1543 934 ⁸)

3249 586 3399 651 κως

1882 772 2056 818 -nam
2090 762 2409 838 precatus
2439 749 2547 818 est.
2652 751 3122 842 “Principatum
3159 760 3399 843 «primo

1882 869 2020 934 -per
2052 851 2194 913 vim
2238 861 2534 935 partum,
2586 870 2753 913 mox
2787 870 2832 913 a
2867 852 3257 918 volentibus
3286 855 3399 918 de-

390 947 516 1011 Vir
545 943 678 1009 fuit
707 947 973 1033 magnis
1002 944 1364 1035 virtutibus
1397 944 1808 1031 spectabilia,
1880 943 2106 1009 datum
2138 947 2402 1031 egregie
2434 943 2959 1024 administravit,
3019 946 3118 1011 -lic
3168 962 3241 1013 ut
3308 948 3398 1014 se·

288 1051 372 1104 et
409 1059 587 1124 quae
631 1038 873 1104 habuit
917 1041 1123 1122 vitia,
1172 1039 1257 1113 lic
1320 1039 1594 1106 fuerunt
1641 1054 1825 1113 tem<

1882 1040 2168 1104 ciuitati
2193 1040 2522 1123 publicae
2568 1040 2870 1109 stabilitis
2897 1041 3169 1127 ‘legibus
3190 1093 3210 1125 ,
3282 1061 3396 1107 co-

299 1147 582 1222 perata,
633 1147 707 1197 ut
748 1134 906 1198 ferri
944 1133 1221 1220 possent.
1337 1137 1576 1201 Occiso
1625 1135 1806 1199 Iulio
1882 1136 2121 1199 ercitis
2159 1132 2646 1211 seditionibus,
2700 1137 3057 1222 repressis,
3107 1150 3229 1205 aut
3276 1138 3398 1201 ser·

302 1248 456 1293 cum
499 1229 953 1316 principatum
998 1232 1189 1294 adire
1223 1228 1441 1295 statim
1480 1251 1617 1295 non
1664 1227 1807 1315 pos·

294 1324 465 1404 set‚.
492 1325 799 1389 aemulos
890 1326 1224 1411 tantisper
1299 1325 1522 1410 paffus
1551 1376 1574 1411 ,
1660 1337 1812 1389 tan·

174 1459 180 1465 -
300 1410 455 1493 dem
489 1419 878 1501 tolerantia,
930 1421 1437 1500 moderatione,
1491 1421 1697 1485 armis
1720 1419 1814 1482 su·

292 1516 534 1602 ,perior
564 1516 886 1583 omnibus
923 1515 1399 1601 evafit,‚iisque
1435 1528 1557 1581 aut
1585 1515 1812 1591 victis,

190 1626 199 1629 ’
300 1622 420 1676 aut
467 1609 792 1674 abdicare
835 1614 1095 1676 coactis
1138 1631 1353 1699 remp.
1407 1612 1606 1677 vario
1680 1628 1808 1673 no-

289 1706 523 1784 mine,
579 1717 784 1771 aucta
812 1708 1221 1791 quotannis,
1274 1728 1358 1772 ac
1408 1708 1628 1793 magis
1694 1704 1811 1769 fin-

302 1814 497 1865 mata
532 1804 845 1886 potentia
893 1803 987 1867 ab
1026 1823 1207 1868 anno
1251 1806 1334 1870 V.
1363 1801 1441 1867 C.
1485 1820 1622 1884 723
1657 1799 1812 1886 ipsis

288 1897 760 1981 quadraginta
801 1910 1096 1982 quatuor
1122 1899 1318 1965 annis
1358 1898 1535 1962 solus
1568 1896 1813 1973 tenuit,

307 2003 373 2055 et
411 1990 883 2081 monarchiam
906 2042 928 2075 ,
996 2011 1203 2075 quam
1282 1994 1335 2059 Ι.
1399 1991 1648 2056 Caesar
1714 1992 1814 2054 in·

309 2087 629 2162 choavit,
679 2086 818 2170 ipse
852 2089 1142 2171 denique
1189 2085 1547 2165 constituit,
1588 2106 1672 2150 ea
1693 2086 1815 2149 sal·

308 2194 446 2244 tem
486 2182 690 2244 causa
727 2183 1017 2267 imperio
1052 2185 1139 2247 R.
1179 2185 1577 2264 salutarem,
1618 2181 1817 2263 -quod

307 2274 428 2341 isso
462 2274 580 2339 fibi
606 2321 628 2353 ,
672 2276 1107 2361 libertatique
1162 2280 1317 2343 suae
1376 2277 1615 2341 relicto
1672 2275 1819 2338 fieri

306 2391 443 2437 non
472 2381 785 2455 poterat,
838 2374 1003 2456 quin
1043 2377 1278 2438 omnia
1339 2382 1620 2459 propter
1682 2371 1817 2456 pri»

305 2479 628 2533 vatorum
658 2469 1059 2551 potentiam,
1112 2489 1277 2554 opes
1299 2516 1319 2547 ,
1356 2478 1820 2552 contemptum

292 2564 559 2650 legum,
610 2579 695 2625 ac
730 2562 1434 2649 ambitionem‚:fatale
1471 2563 1640 2647 reip.
1674 2580 1818 2623 ma·

306 2658 487 2735 lum,
540 2657 791 2742 pessum
826 2660 1022 2741 irent,
1056 2679 1251 2744 quae
1278 2658 1528 2745 corrigi
1565 2655 1822 2736 omnia,

292 2756 431 2818 -nifi
468 2772 608 2816 uno
639 2753 1055 2839 imperante,
1106 2776 1240 2819 non
1292 2755 1576 2841 possunt.
1662 2753 1826 2815 lam

302 2868 482 2932 ,vero
522 2849 709 2931 quod
754 2850 1017 2936 exigua
1046 2853 1348 2937 primum
1384 2850 1534 2935 spe,
1585 2849 1827 2914 deinde

312 2945 491 3007 inter
526 2945 1018 3027 impedimenta
1058 2946 1458 3031 gravissima
1505 2962 1676 3006 unus
1714 2963 1826 3006 re·

224 3101 231 3106 .
316 3060 467 3104 rum
516 3040 774 3122 potitus
804 3038 953 3117 aest,
1024 3039 1194 3104 istud
1269 3040 1465 3103 unius
1494 3036 1829 3101 ·fortunae

309 3134 510 3202 faute
550 3151 761 3217 opus,
814 3134 1130 3200 viderunt
1162 3135 1283 3200 alii
1310 3182 1330 3214 ,
1383 3148 1450 3199 et
1499 3132 1638 3219 ipse
1691 3131 1830 3197 for·

314 3243 527 3298 tunae
563 3242 917 3314 acceptum
946 3230 1124 3298 tulit.
1219 3230 1382 3314 Ejus
1418 3228 1833 3305 sanecausa,

316 3325 541 3409 inquit
578 3324 683 3386 vir
727 3324 1024 3389 summus
1081 3325 1522 3403 Plutarchus,
1573 3311 1642 3408 b)
1714 3323 1831 3388 etfi

198 3421 209 3432 '
294 3419 513 3485 alind
571 3418 860 3503 vellent,
931 3419 1173 3485 Cicero
1240 3423 1530 3504 primum
1616 3439 1831 3504 remp.

320 3514 616 3580 consiliis
655 3514 781 3578 suis
827 3516 1039 3594 rexit,
1116 3516 1420 3602 Lepidus
1448 3515 1835 3580 »exereitum

304 3610 541 3676 -tenuit
563 3654 584 3687 ,
618 3609 1089 3690 zPanra-vicit,
1126 3613 1400 3679 ‹Hirtius
1436 3613 1506 3676 in
1545 3613 1693 3674 acie
1727 3629 1835 3678 ce-

320 3706 489 3769 cidit
513 3754 536 3788 ‚
588 3717 659 3769 et
680 3708 1019 3771 -Antonius
1055 3709 1276 3771 amori
1304 3707 1605 3772 vacavit.
1636 3705 1838 3788 ‘Quin

314 3812 401 3864 ‘et
436 3799 905 3886 Cleopatr-am,
954 3803 1207 3888 inquit,
1242 3804 1326 3867 .in
1371 3799 1838 3868 Caesar-isson·-

320 3910 497 3960 tuna
542 3915 778 3984 pono,
844 3898 915 3960 in
978 3918 1184 3982 quam
1237 3899 1428 3963 velut
1495 3898 1838 3984 scopulum

314 3993 612 4077 impegit
651 3991 945 4056 summus
977 3996 1352 4079 imperator
1373 4039 1394 4071 ‚
1430 4007 1516 4064 ‚ut
1551 3995 1839 4077 denique

307 4087 505 4151 solus
546 4085 821 4152 restaret
855 4086 1125 4153 Caesar.
1225 4089 1455 4172 Quare
1482 4107 1659 4153 neum
1724 4107 1838 4151 ne-

308 4193 565 4270 :pntcm
590 4181 851 4246 Caium
882 4184 979 4246 ad
1033 4183 1289 4252 bellum
1324 4184 1622 4248 Orientis
1668 4183 1838 4246 -mit-

318 4287 538 4354 teret,
590 4278 656 4340 ei
701 4276 1170 4342 fortitudinem
1226 4273 1607 4363 seipionis,
1668 4295 1837 4365 egra·

274 4374 495 4440 ‚tiam
538 4374 890 4459 PompeJi,
939 4373 1124 4454 [uam
1163 4394 1327 4439 vero
1361 4372 1561 4462 ipsius
1617 4372 1836 4438 fortu-

1894 1231 2043 1296 vire
2113 1231 2373 1293 coactis
2439 1233 2731 1294 externis
2781 1230 3077 1296 hostibus
3125 1236 3401 1318 optime

1897 1323 2309 1400 consuleret,
2362 1324 2653 1409 ess‘etque
2697 1329 2836 1408 ejus
2888 1328 3247 1410 imperium
3298 1348 3398 1391 re·

1893 1419 2284 1484 motissimis
2335 1420 2540 1485 etiam
2600 1420 2910 1505 gentibus
2955 1419 3400 1486 formidatum

1895 1535 2112 1598 aeque
2159 1533 2242 1578 ac
2279 1515 2692 1581 venerabile.
2786 1517 2896 1579 Ad
2935 1515 3117 1579 bella
3173 1537 3402 1602 geren·
3435 1532 3474 1545 ·'

1895 1611 1989 1674 da
2023 1609 2314 1686 habilis,
2365 1629 2598 1673 eorum
2645 1621 2872 1674 tamen
2932 1609 3205 1674 felicem
3255 1613 3397 1675 exi·

1894 1719 2037 1769 tum
2096 1705 2364 1768 alienae
2424 1706 2642 1789 magis
2698 1707 2931 1775 virtuti
3008 1704 3403 1790 plerumque

1894 1800 2149 1864 debuit.
2248 1801 2595 1863 Victoriae
2625 1800 3062 1886 Philippensis
3114 1802 3260 1865 laus
3294 1821 3405 1887 pe·

1878 1915 2015 1959 -nes
2054 1915 2259 1958 unum
2295 1895 2396 1958 M.
2444 1895 2808 1958 Antonium
2832 1944 2853 1978 ,
2893 1896 3068 1961 -victi
3113 1896 3406 1980 praeliis

1898 1990 2259 2055 navalibus
2304 1989 2458 2053 Sex.
2497 1991 2847 2075 PompeJi,
2887 2004 2968 2054 -et
3001 1992 3096 2059 ad
3137 1994 3407 2056 Actium

1901 2086 2180 2149 Antonii
2215 2102 2421 2169 penes
2459 2103 2663 2146 unum
2702 2082 2848 2149 fere
2894 2088 2994 2149 M.
3027 2089 3410 2173 :Agrippam

1884 2166 2095 2243 :stetit
2195 2180 2268 2242 In
2306 2178 2666 2242 Dalmatas
2700 2180 2884 2243 victo
2919 2174 3408 2266 Pompejoipse

1886 2274 2134 2351 duxit,
2186 2293 2269 2337 ac
2304 2273 2505 2337 serius
2538 2275 2606 2335 in
2651 2273 3032 2351 Cantabros
3055 2322 3074 2352 ,
3123 2297 3301 2358 quae
3325 2279 3418 2342 -ei

1890 2369 2254 2454 expeditio
2288 2365 2621 2454 postrema
2657 2369 2828 2445 fuit,
2882 2388 3036 2432 nam
3065 2389 3250 2453 quas
3297 2372 3411 2434 de·

1900 2466 2134 2548 inceps
2164 2464 2466 2549 suscepit,
2521 2464 2615 2526 M.
2657 2466 3041 2551 Agrippae,
3092 2476 3212 2528 aut
3247 2467 3413 2531 viris

1884 2580 1991 2625 ‚ex
2021 2557 2293 2622 familia
2322 2558 2439 2621 sua
2465 2559 2828 2638 commisit,
2881 2558 2964 2622 sic
3017 2571 3245 2623 tamen
3266 2606 3286 2636 ‚
3321 2573 3414 2627 -ut

1888 2654 2039 2741 ipse
2080 2653 2324 2719 relicta
2368 2655 2595 2717 Roma
2625 2654 2980 2741 praeclaro
3019 2652 3292 2719 confilio
3328 2676 3417 2721 ex

1907 2751 2429 2837 propinquior&
2464 2752 2799 2836 gerendae
2850 2770 3080 2814 curam
3118 2752 3416 2816 intende-

1908 2859 2035 2912 ret.
2132 2846 2373 2922 Bella,
2419 2845 2538 2909 nifi
2574 2865 2726 2909 cum
2770 2846 3024 2911 necess‘e
3058 2844 3229 2926 fuit,
3283 2867 3419 2912 non

1911 2941 2185 3026 coepit,
2232 2954 2438 3024 atque
2490 2943 2696 3004 etiam
2728 2954 3025 3027 coepta,
3095 2963 3248 3006 eum
3305 2942 3423 3007 fibi

1912 3038 2091 3100 ultro
2153 3036 2258 3100 ·ab
2336 3035 2634 3104 hostibus
2715 3035 3063 3102 satisfieret
3093 3087 3114 3117 ,
3182 3037 3422 3105 omisit.

1916 3131 2710 3197 Adolescens.a·saevitia
2741 3152 2877 3196 non
2901 3133 3184 3213 alienus,
3238 3136 3426 3218 quod

1914 3226 2348 3314 post-bellum
2400 3226 2861 3314 Philippense,
2914 3241 2983 3293 et
3035 3229 3422 3296 Perusinum

1915 3338 2342 3408 compertum
2375 3322 2546 3402 fuit,
2593 3335 2823 3390 mmen
2862 3322 3088 3390 facilis
3129 3323 3277 3390 -fuit
3317 3327 3421 3390 ad

1910 3419 2426 3505 ignoscendum,
2479 3432 2547 3481 et
2584 3417 2789 3482 facile
2823 3419 2882 3481 se
2920 3421 3211 3484 alio-rum
3247 3421 3424 3485 sanis

1919 3513 2251 3591 consiliis,
2315 3514 2683 3600 praecipue
2762 3514 3191 3583 Maecenatis
3227 3566 3250 3599 ,
3315 3519 3426 3583 ad

1916 3609 2494 3676 mansuetudinem
2514 3610 3182 3694 revocari-passusest.
3223 3612 3426 3684 ‘Sum-

1921 3716 2075 3789 ptus
2116 3706 2185 3768 in
2221 3705 2498 3769 edendis
2537 3705 2932 3792 spectaculis
2957 3753 2977 3785 ,
3009 3709 3421 3795 congiariis,

1908 3801 2299 3863 ,muniendis
2337 3801 2468 3866 niis
2498 3846 2517 3879 ,
2601 3799 2931 3874 aedificiis
2983 3803 3275 3887 publicis
3329 3807 3426 3868 ino

1912 3893 2397 3981 *gentesffieciss
2464 3895 2579 3960 etsi
2633 3897 2852 3960 cultus
2901 3899 3092 3961 domi
3133 3899 3422 3987 simplex

1924 3989 2119 4068 esset,
2171 4003 2239 4053 et
2272 3992 2418 4054 vita
2462 3990 2769 4078 frugalis.
2884 3995 3247 4062 Animo-in
3301 3995 3420 4059 ad·

1924 4084 2634 4172 versismonsemper,
2686 4099 2759 4151 ut
2785 4088 3019 4152 »virum
3063 4089 3422 4169 decuerat,
3507 4161 3512 4166 p

1916 4181 2085 4246 forti
2117 4180 2269 4262 fuit,
2319 4183 2505 4265 quod
2539 4184 2761 4266 patuit
2785 4180 2931 4268 post
2965 4184 3130 4246 Vari
3159 4186 3226 4246 in
3263 4182 3425 4246 Ger·

1917 4279 2146 4344 mania
2203 4278 2512 4354 cladem,
2564 4278 2925 4361 variasque
2977 4279 3220 4342 domus
3271 4279 3424 4345 suae

1914 4375 2346 4459 ignominias.
2446 4372 2853 4439 Valetudine
2900 4372 3010 4436 etsi
3045 4375 3281 4439 -minus
3320 4373 3426 4439 fir·

388 4584 452 4651 a)
489 4580 621 4637 Dio.
809 4583 871 4654 b)
910 4584 981 4639 ds
1016 4584 1168 4648 Fert,
1204 4581 1368 4638 Rom.
1406 4584 1470 4639 L.
1506 4582 1583 4637 11.
1619 4601 1678 4659 p.
1709 4595 1832 4652 318.
