4225 5450
778 527 945 610 ‚15⁶

800 722 1133 787 Videntur
1179 740 1302 784 eae
1346 718 1645 806 aliquam
1695 719 1986 782 numinis
2029 718 2316 805 speciem

802 834 970 903 prae
1012 816 1076 877 se
1103 816 1365 893 tuliss'e,
1420 826 1491 877 ut
1569 815 1768 899 supra
1847 813 2092 877 Iuliam
2144 815 2316 876 deae

802 911 1088 974 Pietatis
1123 911 1337 995 specie
1374 909 1786 992 propolitam
1833 910 2163 986 vidimus,
2215 918 2316 971 at-

806 1024 941 1088 que
986 1002 1428 1066 verifimiliter
1470 1001 1749 1080 Vestae,
1816 1005 2139 1087 quoniam
2178 1007 2317 1085 ejus

808 1099 1095 1162 sedentis
1136 1097 1373 1163 habitu
1418 1097 1661 1176 toties,
1713 1117 1797 1162 ac
1854 1112 1996 1161 tam
2047 1097 2320 1160 diveriis

815 1192 905 1258 ab
919 1191 1198 1256 urbibus
1218 1190 1589 1276 express'am
1612 1192 1966 1256 habemus.
2064 1193 2152 1255 Et
2168 1211 2320 1254 cum

810 1287 1017 1354 Vesta
1034 1278 1317 1373 quidem
1344 1285 1557 1348 Iuliae
1584 1288 1851 1370 aliquid
1878 1285 2321 1374 'intercessiffe

816 1382 1355 1457 communioniS,
1407 1380 1651 1443 citatus
1685 1381 1882 1465 supra
1911 1401 2152 1445 numus
2186 1400 2322 1444 non

820 1480 1097 1544 obscure
1134 1476 1427 1551 indicat,
1479 1473 1547 1534 in
1596 1479 1779 1556 quus
1834 1477 2061 1555 antica
2104 1473 2322 1539 verifi-

815 1576 978 1639 mile
1017 1574 1161 1635 dixi
1202 1570 1330 1631 ess'e
1372 1566 1788 1652 propolitum
1836 1581 2043 1654 caput
2112 1571 2325 1633 Iuliae

815 1668 933 1731 sub
972 1667 1254 1729 Pietatis
1291 1661 1554 1741 habitu,
1607 1676 1675 1725 et
1711 1665 1779 1726 in
1819 1666 2053 1729 aversa
2093 1661 2178 1726 est
2198 1668 2324 1727 Ve-

816 1761 913 1826 sta
945 1760 1198 1823 sedens.
1298 1757 1475 1821 Sane
1510 1769 1577 1818 et
1619 1759 1873 1822 Ovidio
1911 1760 2166 1823 dictam
2194 1763 2324 1824 Ve-

814 1856 975 1922 stam
1008 1854 1320 1920 videmus
1346 1856 1377 1915 ε’
1419 1850 1486 1935 ⁸)

834 1948 843 1953 ’
910 1948 1043 2040 Effe
1061 1944 1432 2035 pudicarum
1470 1955 1528 2011 te
1575 1947 1648 2012 V
1641 1949 1817 2034 estam
1839 1994 1858 2027 ,
1908 1948 2098 2014 Livia
2123 1995 2144 2025 ,
2194 1968 2321 2014 ma·

1932 2054 2121 2109 trum.

793 2143 1046 2225 Noyi',
1099 2138 1258 2223 quid
1312 2123 1571 2224 opponi
1628 2139 1858 2222 possit.
1957 2139 2329 2204 Verifimile

812 2258 1057 2322 nempe
1095 2254 1231 2298 non
1272 2235 1532 2309 videri,
1583 2232 1982 2310 Tiberium,
2035 2238 2152 2318 qui
2182 2256 2327 2299 ma-

813 2334 934 2397 tris
989 2332 1143 2395 suae
1207 2328 1562 2414 cupiditati
1612 2349 1693 2391 eo
1742 2327 2010 2406 restitit,
2081 2342 2154 2391 ut
2203 2351 2328 2395 non

806 2426 990 2494 ruffum
1023 2428 1312 2514 insignem
1344 2422 1630 2486 honorem
1668 2443 1797 2485 eam
1828 2428 2096 2506 recipere
2121 2426 2326 2507 publi·

810 2530 1260 2607 comuntur,
1310 2506 1376 2597 b)
1426 2512 1776 2601 permiliss'e
1819 2519 2054 2580 matris
2108 2516 2322 2602 effigi-

812 2637 922 2689 em
958 2618 1126 2679 deae
1145 2610 1380 2677 Vestae
1417 2609 1757 2673 attributis
1790 2612 2018 2692 palam
2052 2614 2123 2673 in
2157 2613 2323 2674 urbe

810 2712 1164 2785 decorari,
1212 2718 1280 2768 et
1318 2704 1429 2788 qui
1484 2705 1754 2768 divinos
1810 2704 2104 2769 honores
2147 2725 2324 2770 mor·

808 2819 972 2867 tuae
1014 2802 1355 2884 negass’et,
1407 2817 1527 2860 eos
1565 2799 1786 2861 adhuc
1831 2801 2034 2864 vivae
2072 2798 2326 2865 deferri

768 2975 775 2982 .
808 2918 944 2962 non
982 2894 1430 2958 adversatum.
1532 2898 1622 2956 At
1658 2895 2004 2973 videmus,
2056 2893 2319 2958 Tiberi

2134 525 2374 601 LIV
2396 522 2550 600 IA.

2395 729 2684 805 propter
2714 729 3047 783 recentem
3078 719 3424 804 impetrati
3459 718 3728 805 imperii
3767 740 3911 787 me-

2397 815 2685 876 moriam
2725 814 2874 898 plus
2915 814 3140 877 adhuc
3184 827 3470 877 matrem
3505 816 3911 881 observave-

2396 919 2523 971 rat.
2621 906 2778 989 Qua
2822 909 2894 970 in
2929 928 3000 970 re
3042 927 3294 992 operae
3337 912 3626 994 pretium
3687 913 3908 974 anim·

2399 1002 2793 1079 advertere,
2844 1002 3021 1066 hanc
3055 1005 3270 1068 Iuliae
3303 1003 3597 1089 effigiem
3658 1004 3912 1070 Vestae

2396 1097 2532 1157 ritu
2563 1048 2846 1160 sedentis
2890 1100 3181 1180 primum
3236 1102 3515 1181 reperiri
3562 1102 3632 1163 in
3681 1092 3910 1164 numia

2398 1190 2660 1257 Tiberii
2699 1210 2848 1253 cum
2897 1195 3034 1272 ejus
3069 1192 3225 1257 trib.
3260 1191 3584 1277 potestate
3635 1195 3904 1273 XVIL,

2400 1301 2604 1366 quam
2660 1286 2774 1348 ille
2810 1284 3162 1350 inchoavit
3201 1291 3279 1350 V'.
3315 1286 3390 1352 C.
3427 1290 3622 1365 768,‘
3657 1296 3910 1374 nempe

2400 1397 2578 1442 anno
2617 1379 2881 1464 Augusti
2929 1392 3216 1445 mortem
3251 1380 3716 1464 consequente.
3785 1385 3910 1447 Er·

2400 1491 2485 1557 go
2527 1494 2609 1537 ea
2649 1472 2860 1536 statua
2898 1476 3132 1558 paullo
3186 1474 3326 1560 post
3389 1476 3652 1562 Augusti
3705 1496 3905 1542 mor-

2397 1577 2537 1629 tem
2579 1567 2668 1631 ab
2704 1568 3024 1632 adulante
3096 1570 3322 1633 senatu
3384 1570 3589 1636 fuerit
3644 1573 3905 1656 polita,

2398 1662 2586 1740 etlab
2605 1681 2689 1725 ea
2705 1663 3137 1746 exemplum
3118 1685 3186 1726 m
3219 1666 3605 1749 provincias
3639 1668 3908 1733 datum.

2400 1753 2584 1836 Quin
2615 1757 2825 1819 multo
2862 1758 3086 1821 adhuc
3113 1760 3342 1836 serina,
3369 1761 3683 1825 nimirum
3717 1765 3802 1826 V.
3822 1762 3907 1828 C.

2404 1854 2540 1931 776
2597 1849 2888 1937 permisit
2937 1853 3253 1917 Tiberius
3300 1854 3552 1918 Alianis
3619 1859 3907 1940 petenti-

2399 1944 2563 2023 bus,
2618 1956 2689 2009 ut
2744 1944 2902 2023 fibi,
2955 1960 3023 2010 et
3072 1949 3271 2011 matri
3333 1949 3656 2034 templum
3714 1953 3909 2036 apud

2398 2039 2756 2123 Smyrnam
2826 2038 3231 2110 stannci-etur.
3283 2039 3348 2124 ⁴²)
3456 2045 3741 2109 Videtur
3779 2048 3908 2131 igi-

2399 2145 2508 2197 tur
2541 2135 2839 2200 honores
2879 2136 3144 2221 aliquos
3178 2139 3514 2201 interdum
3537 2142 3738 2203 matri
3765 2160 3912 2205 non

2395 2229 2747 2308 invidiss'e,
2799 2234 3006 2296 modo
3059 2253 3195 2296 non
3247 2234 3452 2296 effent
3507 2237 3650 2316 ejus
3697 2254 3912 2319 gene-

2397 2324 2513 2402 ris,
2564 2328 2677 2408 qui
2714 2327 3128 2410 principatus
3167 2330 3236 2390 in
3274 2348 3412 2411 rep.
3432 2328 3909 2395 administran-

2400 2419 2491 2482 da
2530 2419 2816 2504 speciem
2868 2420 3305 2505 praeferrent.

3115 2518 3165 2558 Β

2682 2607 3127 2676 AVGVSTA.
3184 2613 3530 2677 MATER.
3586 2614 3912 2679 PATRI..

2681 2703 3110 2770 AE.VIB11.
3162 2708 3399 2774 Mulier
3445 2709 3656 2776 velata
3680 2710 3906 2797 fideus

2679 2799 2736 2862 d
2772 2810 3096 2880 pateram,
3129 2805 3190 2888 s
3223 2802 3474 2889 hastam.

2392 2891 3902 2967 IMP.T1.CAES.AVG.COS.111.c·a-

811 3014 926 3056 um
964 3008 1234 3073 quoque
1280 2988 1350 3049 in
1388 2988 1609 3049 numis
1661 2990 1887 3053 aeneis
1923 2990 1975 3062 1,
2014 2988 2319 3069 formae,
2363 2997 2504 3072 yut
2537 2987 2772 3055 Tiberii
2815 2989 3182 3055 launum.
3238 2991 3382 3058 ΑΕ.
3436 2998 3484 3056 1.
3537 2994 3896 3081 (Theupo·

698 3081 711 3092 '
816 3089 935 3169 qui
972 3082 1449 3148 inscribuntur-2
1503 3083 1862 3149 civitatibus
1888 3084 2001 3172 As
2000 3104 2075 3150 ae
2090 3086 2321 3170 restitu-

813 3184 933 3257 u'S,
984 3179 1170 3241 omni
1214 3177 1503 3239 numinis
1548 3179 1728 3241 cultu
1763 3180 1991 3264 palam
2026 3178 2322 3264 propoli-

814 3288 978 3339 tum.
1080 3271 1290 3335 Sedet
1318 3273 1635 3334 nimirum
1671 3274 1853 3358 ipse,
1908 3275 1973 3336 d.
2011 3286 2323 3359 pateram

814 3366 1160 3455 praefert,
1212 3368 1259 3430 Γ.
1303 3364 1604 3443 hastam,
1654 3368 1987 3458 supposito
2038 3369 2324 3454 pedibus

816 3463 1153 3541 scabello,
1205 3482 1380 3547 quae
1429 3462 1661 3525 omnia
1690 3465 1881 3525 unita
1912 3464 2324 3547 praesentem

804 3560 1010 3623 deum
1054 3569 1360 3645 arguunt.
1463 3557 1567 3618 Ex
1616 3576 1752 3638 quo
1790 3558 2108 3643 colligere
2142 3558 2323 3634 licet,

813 3654 1206 3731 Tiberium,
1276 3649 1389 3713 etfi
1462 3649 1731 3734 publice
1776 3651 2189 3737 praeferret,
2258 3651 2322 3715 se

786 3731 1084 3811 'divinos
1125 3747 1422 3810 honores
1455 3745 1833 3828 aspernari,
1903 3759 2135 3810 tamen
2185 3766 2321 3812 non

813 3841 1237 3906 adversatum
1281 3841 1409 3913 iis,
1463 3840 1578 3923 qui
1612 3843 1748 3920 ejus
1808 3840 2160 3906 limulacro
2222 3842 2324 3903 di-

813 3937 957 4000 vini
1002 3934 1223 3998 cultus
1262 3933 1547 4019 speciem
1611 3935 1955 4002 addidere.
2094 3935 2324 4018 Quare

810 4051 1028 4116 neque
1077 4028 1473 4093 adversatus
1510 4029 1778 4093 videtur
1819 4030 1942 4113 iis,
1992 4031 2107 4114 qui
2154 4030 2323 4091 fimi·

728 4142 740 4150 ·
813 4127 862 4189 li
900 4126 1159 4190 honore
1202 4135 1488 4186 matrem
1537 4122 1892 4200 adfecere,
1944 4136 2012 4186 et
2048 4125 2322 4207 quidem

812 4242 976 4286 mox
1025 4221 1116 4284 ab
1179 4219 1369 4282 adito
1416 4217 1705 4303 imperio
1737 4266 1759 4297 ‚
1813 4237 1947 4304 quo
2006 4230 2321 4302 tempore

875 4456 934 4517 a)
976 4456 1046 4507 de
1086 4457 1259 4508 Ponto
1292 4456 1358 4511 L.
1395 4456 1498 4509 IV.
1533 4472 1624 4526 ep.
1664 4452 1828 4510 xm,
1873 4472 1923 4507 v.
1966 4470 2052 4521 29,

803 4539 852 4574 e.
895 4539 978 4589 ¹5·

2311 4453 2370 4522 b)
2409 4456 2555 4509 Suet.
2594 4460 2653 4510 in
2688 4457 2815 4514 Tib.
2871 4475 2922 4519 e.
2955 4475 3044 4528 50.
3135 4528 3146 4540 ἱ

2393 3080 2440 3142 u
2483 3102 2548 3166 P·
2588 3079 2781 3163 664)

2488 3175 2590 3239 En
2632 3182 2917 3242 alterum
2984 3197 3301 3259 numum,
3372 3201 3416 3244 a
3482 3185 3708 3266 priore
3757 3185 3902 3250 solo

2393 3270 2717 3359 principis
2755 3273 2976 3357 capite
3010 3275 3360 3339 diversum.
3460 3279 3638 3341 Eum
3661 3294 3902 3344 auctor

2394 3369 2533 3448 ejus
2574 3369 2870 3451 catalogi
2918 3369 3159 3432 Vticae
3200 3370 3526 3438 vindicat.
3629 3373 3897 3459 Oppor-

2392 3472 2551 3523 tune
2586 3457 2794 3537 istud,
2859 3463 2972 3527 sed
3021 3475 3248 3528 tamen
3308 3468 3392 3531 de
3443 3468 3734 3586 lectione
3783 3472 3897 3532 vi·

2392 3554 2491 3620 bii
2533 3558 2793 3623 dubito.

3127 3655 3155 3687 ι

2680 3747 2981 3812 SALVS.
3071 3745 3523 3816 AVGVSTA.
3547 3805 3556 3812 .
3621 3752 3894 3818 PERM.

2680 3839 3106 4002 QGvsTl.
3153 3845 3353 3929 Caput
3431 3843 3725 3914 muliebre
3779 3870 3900 3914 nu-

2395 4030 2678 4098 1vL1A.
2734 4029 3183 4098 Avas‘rA.
3224 4033 3305 4099 e.
3344 4038 3428 4099 A.
3480 4036 3564 4103 E.
3608 4035 3901 4125 satiast-

2395 4120 2544 4193 dens
2576 4127 2642 4194 d.
2668 4128 2915 4216 spicas,
2948 4129 3010 4218 s.
3058 4126 3306 4215 lamam.
3408 4131 3550 4198 AE.
3599 4135 3651 4197 1.
3707 4133 3899 4217 (Flo-

2394 4244 2509 4286 rez
2541 4224 2611 4287 in
2649 4223 2866 4287 nuruis
2892 4224 3287 4301 Emeritae.)

3308 4461 3361 4527 c)
3392 4463 3571 4514 Tacit.
3607 4462 3761 4516 Ana.
3797 4464 3902 4517 1v.
