4225 5450
1286 558 2346 669 PRAEF‘ATJo.

262 775 639 855 vomicae
684 769 1125 873 elegantias
1174 768 1476 845 nostras
1507 771 1922 869 inquinare
1960 767 2327 844 desinant.
2425 764 2748 843 Interim
2784 774 3098 848 noverit
3125 741 3384 849 *erudi-

268 924 393 985 tus
431 911 735 1000 lector,
787 908 836 982 fi
885 930 1121 1006 quem
1168 929 1499 981 numum
1534 908 1904 995 rarioris,
1954 905 2585 985 insolentiorisve
2634 910 3077 1011 argumenti
3123 910 3205 980 in
3266 906 3391 979 his

270 1049 479 1125 meis
533 1042 1133 1120 commentariis
1172 1042 1596 1116 desiderari
1633 1042 2044 1144 intelliget,
2089 1042 2253 1137 jam
2290 1042 2421 1117 vel
2451 1043 2637 1117 ideo
2679 1069 2730 1117 a
2759 1068 2888 1119 me
2914 1047 3392 1119 condemna-

279 1198 493 1275 tum,
548 1183 740 1280 quia
783 1176 1161 1254 omissum.
1260 1178 1546 1253 Altero
1586 1178 1832 1252 modo
1875 1201 2310 1280 procurare
2377 1184 2805 1282 puritatem
2873 1178 3398 1268 adlaboravi‚
3477 1240 3490 1255 ,

280 1316 749 1394 revocando
792 1314 892 1388 ad
928 1314 1343 1387 sanitatem
1383 1318 1807 1390 numorum
1842 1330 1978 1390 aut
2035 1315 2568 1417 epigraphen,
2621 1331 2756 1389 aut
2809 1329 3189 1413 typorum
3255 1312 3395 1388 fla·

267 1468 438 1529 tum
465 1508 488 1543 ,
538 1456 620 1526 in
662 1448 946 1549 quibus
994 1449 1601 1550 promulgandis
1634 1474 1877 1550 quam
1921 1452 2270 1549 graviter
2297 1451 2535 1553 saepe
2579 1451 2683 1528 ab
2715 1452 3176 1550 antiquariis
3209 1471 3394 1549 pec·

276 1603 545 1666 catum
587 1588 862 1671 suerit,
912 1608 1422 1660 commonere
1463 1586 1765 1661 necess'e
1815 1611 1974 1661 non
2011 1586 2150 1678 est,
2205 1602 2282 1661 et
2316 1588 2468 1662 fine
2506 1587 2783 1688 quibus
2835 1587 2939 1661 ad
2976 1589 3398 1661 veritatem

270 1722 637 1800 restitutis
678 1722 849 1797 fieri
889 1745 1047 1796 non
1089 1719 1376 1821 potest,
1432 1736 1513 1795 ut
1553 1748 1682 1798 ars
1730 1726 2289 1801 numismatica
2365 1750 2504 1800 eos
2566 1726 2959 1824 rependat
3040 1723 3334 1796 fructus
3375 1775 3396 1809 ,

286 1884 487 1959 quos
525 1858 630 1935 ab
672 1882 773 1934 ea
814 1859 919 1932 ob
972 1858 1450 1959 multiplices
1494 1858 1762 1934 causas
1808 1860 2252 1964 philologia
2309 1861 2559 1963 potest
2618 1846 3096 1960 exspectare.
3233 1856 3395 1956 Qui

296 1998 919 2072 commentarios
952 1978 1103 2069 lios
1135 1992 1667 2091 pervolverit,
1721 1999 2089 2073 continuo
2139 1998 2599 2097 perspiciet,
2649 2021 2778 2072 me
2821 2002 2902 2074 in
2951 2005 3209 2077 numis
3259 2001 3396 2075 ad-

290 2131 782 2234 probandis,
833 2133 1428 2210 restituendisve
1469 2127 1773 2204 summa
1834 2152 2012 2206 cum
2070 2135 2497 2234 religione,
2565 2147 2643 2208 et
2704 2136 3397 2234 circumspectione

277 2265 503 2342 fuiss'e
534 2253 2705 2346 versatum·

480 2543 636 2621 Ad
672 2539 1034 2615 ordinem
1071 2536 1279 2637 quod
1323 2538 1636 2627 attinet,
1689 2536 2019 2629 constat,
2081 2541 2161 2613 in
2214 2538 2830 2630 conscribendis»,
2905 2536 3402 2633 ordinandis·¹
3459 2544 3476 2551 “

286 2701 441 2784 que
471 2676 1008 2782 Augustorum
1039 2677 1298 2750 numis
1339 2674 1584 2749 alium
1615 2673 1794 2749 aliis
1842 2676 2224 2774 placitum
2260 2674 2496 2775 fuisse.
2594 2675 2819 2751 Alibi
2859 2675 3068 2764 dixi,
3120 2680 3181 2766 ⁸)
3207 2697 3399 2764 xom-

284 2820 507 2891 nium
556 2811 1322 2913 praestantissimum,
1374 2814 2020 2911 utilissimumque
2063 2812 2318 2886 videri
2348 2811 2708 2887 ordinem
2729 2814 3402 2915 chronologicum,

295 2954 681 3051 attulique
719 2950 1066 3022 rationes
1103 2972 1429 3049 graves,
1482 2973 1677 3047 quas
1710 2970 2144 3046 recoquere
2193 2949 2524 3023 otiosum
2562 2948 2788 3022 foret.
2905 2948 3191 3048 Neque
3237 2974 3402 3025 am-

292 3091 509 3193 plius
555 3077 856 3161 addam
900 3085 1005 3160 ad
1035 3109 1172 3176 ea,
1228 3108 1430 3183 quae
1461 3087 1542 3156 in
1601 3083 2104 3182 praefatione
2150 3083 2252 3158 ad
2286 3084 2657 3183 praesens
2705 3064 2906 3182 opus
2964 3086 3064 3158 de
3133 3087 3408 3161 mode·

291 3226 572 3303 randis
604 3221 1217 3320 commentariis
1251 3223 1653 3320 praecepi.
1752 3211 2151 3295 Nimirum
2209 3243 2445 3318 quam
2514 3219 2896 3292 hactenus
2959 3221 3223 3323 legem
3299 3220 3407 3293 se-

299 3359 705 3463 quendam
760 3352 985 3445 duxi,
1038 3354 1300 3428 eidem
1339 3379 1468 3428 me
1514 3355 1895 3454 deinceps
1954 3371 2269 3454 quoque
2323 3352 2866 3446 inhaesurum,
2943 3356 3156 3453 quod
3218 3354 3409 3430 istud

300 3499 643 3575 eaedem
694 3492 973 3580 causae
1011 3494 1380 3592 exigunt,
1433 3486 1866 3589 inspicienti
1894 3490 2223 3588 patebit.

1228 3822 2471 3871 m·-

406 4527 459 4593 a)
494 4526 627 4580 Vol.
662 4525 711 4577 1
748 4521 957 4594 Proleg.
995 4538 1118 4592 gen.
1160 4521 1285 4596 ea'p
1319 4518 1539 4574 XXIV·
1742 4507 1749 4524 '
2631 4539 2668 4557 .-

432 4601 617 4690 (Vnt.
671 4599 831 4679 VI)
960 4651 1031 4703 ο,
1832 4695 1849 4717 ⁸
2857 4588 2888 4617 ¹⁹
2938 4589 2970 4620 ³*
3016 4588 3053 4622 ¹⁸
