4225 5450
800 498 939 583 25⁶
1717 487 2249 568 vxonns
2350 486 2924 567 cnavnn.

799 693 859 755 is
902 708 1038 754 non
1071 686 1449 764 dubitaret,
1502 708 1656 752 eam
1689 687 1807 750 sibi
1834 692 1914 753 V.
1956 688 2032 752 C.
2070 700 2206 761 802
2237 689 2306 750 in
2379 691 2545 752 dum
2582 692 2841 774 coeptis
2897 689 3024 750 suis
3076 686 3231 750 satis
3287 685 3623 771 provisum
3690 685 3882 765 esset,

801 785 1312 849 matrimonium
1370 776 1724 849 adsciscere
1755 830 1774 861 ,
1829 802 2113 865 cumque
2170 784 2305 846 Ro·
2382 784 2719 849 Neronem
2749 785 2939 848 suum
2977 787 3456 869 imperatorem
3517 782 3778 866 populo
3818 800 3887 844 o·

802 900 957 943 mae
983 882 1071 942 ad
1103 880 1172 940 id
1198 890 1462 963 tempus
1499 879 1881 962 conjugium
1902 879 2130 962 patrui
2153 896 2304 940 cum
2381 874 2616 941 stendit
2638 882 2721 942 V.
2764 877 2839 941 C.
2881 891 3043 956 807.

800 987 1003 1059 nepte
1040 971 1355 1036 incestum
1409 971 1771 1036 haberetur
1830 974 2094 1034 nemine
2136 969 2305 1032 istud

806 1070 1041 1135 adhuc'
1067 1079 1397 1129 attentare
1427 1067 1621 1142 auso,
1675 1067 2052 1142 decretum,
2103 1076 2179 1127 ut
2204 1069 2303 1146 ju-

804 1162 936 1226 stae
976 1164 1290 1245 deinceps
1323 1162 1494 1223 inter
1535 1174 1838 1245 patruos,
1886 1159 2306 1241 fratrumque

801 1257 978 1321 filias
1025 1257 1302 1339 nuptiae
1338 1256 1557 1320 essent.
1610 1252 1672 1337 ³)
1771 1255 2137 1317 Decretum
2189 1255 2306 1315 eti-

803 1373 916 1415 am
952 1373 996 1415 a
1044 1352 1313 1427 senatu,
1366 1364 1442 1413 ut
1481 1364 1803 1434 carpento
1863 1352 1932 1411 in
1970 1349 2144 1410 ludis
2199 1368 2307 1411 ve-

730 1500 736 1505 .
796 1447 1094 1521 heretur.
1132 1435 1191 1522 l²)
1246 1446 1532 1508 Additus
1573 1465 1753 1509 anno
1797 1445 2109 1528 sequente
2157 1444 2305 1509 Au-

796 1543 1010 1628 gustae
1044 1539 1299 1603 titulus.
1351 1535 1409 1620 ⁰)
1464 1541 1567 1603 Ad
1609 1543 1675 1606 id
1709 1537 2040 1622 fastigium
2071 1551 2310 1602 evecta

795 1637 1175 1720 Agrippina
1224 1630 1473 1697 altiora
1524 1637 1750 1719 coepit
1802 1633 2068 1722 moliri,
2118 1633 2307 1694 indu-

801 1731 1050 1812 xitque·
1074 1729 1388 1790 maritum
1413 1773 1432 1804 ‚
1483 1740 1555 1809 ut
1596 1731 1676 1793 L.
1714 1729 2087 1790 Domitium
2125 1729 2308 1789 suum

801 1845 888 1888 ex
956 1825 1198 1907 ‘primo
1281 1824 1524 1886 marito
1575 1824 1830 1900 filium,
1900 1824 2304 1907 adoptaret,

799 1938 1019 2002 neque
1061 1913 1290 2003 postea
1325 1917 1555 1997 desiit,
1606 1918 2064 1983 Br'itannicum
2106 1916 2302 1980 Clau-

796 2014 896 2076 dii
941 2009 1154 2075 filium
1184 2059 1203 2090 ,
1257 2013 1371 2095 qui
1420 2032 1587 2078 unus
1615 2013 1869 2076 Neroni
1904 2011 2017 2074 suo
2056 2031 2178 2096 per
2207 2011 2303 2095 ip-

800 2107 906 2171 sos
955 2108 1217 2171 natales
1254 2105 1526 2187 obstitit,
1579 2111 1764 2173 omni
1808 2108 2169 2170 atrocitate
2193 2126 2305 2169 ve·

793 2222 984 2269 xare.
1085 2202 1234 2266 Huc
1253 2203 1531 2269 accessit
1547 2203 1915 2266 aemulatio
1933 2201 2306 2278 muliebris,

736 2352 743 2359 .
796 2319 933 2381 qua
996 2297 1247 2379 exilio,
1300 2310 1416 2360 aut
1455 2312 1673 2361 morte
1697 2297 2010 2360 multavit
2028 2295 2306 2359 illustres

791 2391 1134 2468 feminas,
1198 2412 1366 2476 quas
1408 2405 1525 2454 aut
1570 2393 1817 2455 laetior
1871 2389 2136 2469 forma,
2191 2401 2309 2453 aut

792 2489 1124 2552 natalium
1192 2487 1467 2549 claritas
1526 2485 2094 2551 commendabant
2132 2532 2150 2561 ,
2204 2499 2306 2548 at·

796 2603 928 2666 que
1013 2582 1406 2666 arrogantia
1460 2583 1608 2664 plus
1675 2600 1879 2662 quam
1955 2580 2303 2645 mulierem

800 2678 1085 2741 deceret.
1185 2675 1364 2737 Nam
1417 2676 1601 2758 quod
1657 2675 2030 2740 inauditum
2073 2673 2308 2737 hacte-

793 2792 962 2847 nuS,
1016 2769 1157 2853 ipsa
1190 2769 1261 2829 in
1299 2768 1586 2854 suggestu
1609 2770 1966 2852 conspicua
2003 2768 2197 2831 solita
2222 2767 2310 2830 est

795 2863 1172 2950 praesidere
1216 2860 1405 2946 lignis
1447 2864 1798 2941 Romanis,
1854 2877 1920 2926 et
1957 2863 2190 2925 audire
2218 2864 2306 2927 le-

799 2971 995 3045 gatos
1029 2976 1281 3040 regum.
1333 2946 1397 3037 ἃ)
1498 2959 1815 3022 Advertit
1857 2979 1939 3021 ea
2009 2959 2305 3022 mulieris

797 3051 1203 3136 impotentia
1244 3049 1454 3133 ipsum
1494 3056 1697 3115 etiam
1737 3053 2080 3116 socordem
2110 3052 2305 3117 Clau·

796 3146 894 3208 dii
932 3146 1230 3234 animum
1254 3193 1274 3224 ,
1332 3150 1775 3231 prorupitque
1813 3148 2182 3232 aliquando
2215 3163 2307 3212 te-

786 3238 1133 3303 ‘mulentus
1184 3243 1281 3301 in·
1322 3244 1706 3321 querelam,
1758 3242 1970 3306 fatale
2015 3242 2131 3305 fibi
2168 3290 2186 3319 ,
2238 3257 2313 3306 ut

806 3337 1161 3418 conjugum
1212 3330 1472 3419 flagitia
1515 3336 1753 3415 ferret,
1808 3339 1962 3410 dein
2021 3342 2308 3422 puniret.

800 3430 1092 3514 Excepit
1130 3450 1282 3493 eam
1317 3450 1555 3494 vocem
1597 3434 1993 3517 Agrippina,
2021 3452 2308 3517 cumque

799 3525 1073 3587 timeret
1108 3524 1356 3586 Neroni
1396 3525 1508 3587 suo
1535 3573 1553 3602 ,
1587 3546 1668 3588 ne
1705 3546 1825 3609 per
1845 3529 2090 3592 iratum
2115 3528 2312 3602 Clau-

808 3619 994 3682 dium
1032 3620 1302 3704 imperii
1348 3618 1456 3703 spe
1511 3622 1856 3707 excideret
1906 3629 2090 3699 (nam
2125 3659 2128 3660 ν
2168 3636 2313 3688 tum

809 3715 1108 3777 maxime
1147 3712 1471 3775 Claudius
1510 3717 1743 3777 taedio
1785 3720 2013 3781 uxoris
2053 3722 2316 3801 paterni

808 3810 879 3870 in
908 3808 1368 3870 Britannicum
1403 3807 1710 3873 adfectus
1752 3813 2005 3877 indicia
2036 3814 2316 3877 manife-

812 3899 1041 3981 stavit)
1097 3901 1454 3966 observat-o
1493 3917 1846 3989 tempore,
1923 3928 2058 3992 quo
2120 3928 2320 3998 aeger

817 3997 1224 4074 decuberat,
1279 4001 1417 4080 ejus
1458 4013 1743 4062 mortem
1782 4005 2124 4067 medicato
2186 4004 2317 4066 bo.

813 4092 954 4156 leto
990 4095 1396 4176 maturavit,
1448 4113 1661 4178 eaque
1721 4098 1982 4159 tamdiu
2053 4097 2317 4177 celata,

893 4361 946 4419 a)
987 4359 1124 4416 Tac.
1164 4362 1316 4420 Ann,
1353 4361 1487 4419 XII.
1524 4378 1561 4429 5
1600 4359 1707 4429 seq.

827 4423 978 4477 Anu.
1015 4427 1147 4478 xil.
1186 4432 1269 4480 26.
1530 4427 1587 4491 d)
1624 4429 1759 4482 Tac.
1798 4431 1947 4482 Ann.
1991 4429 2124 4481 XII.
2157 4447 2247 4495 37.

832 4491 988 4552 Lxl.
1026 4495 1058 4561 S
1099 4511 1180 4556 u,
1250 4496 1434 4550 Victor
1464 4498 1522 4547 in
1558 4493 1731 4550 Caess'.

1778 4362 2001 4413 Sueton.
2038 4364 2098 4412 in
2134 4361 2330 4416 Claud.
2366 4379 2412 4414 c.
2451 4366 2538 4422 26.

3147 878 3304 939 Non
3338 877 3674 960 ingratum
3711 878 3885 959 prin·

2385 973 2565 1057 cipio
2603 985 2887 1056 experta
2923 971 3010 1035 est
3064 971 3319 1044 filium3
3372 990 3530 1032 nam
3589 970 3882 1032 summae

2387 1068 2687 1129 omnium
2719 1087 2942 1129 rerum¹
2965 1066 3416 1152 publicarum,
3438 1065 3887 1149 privatarum-

2387 1181 2518 1243 que
2561 1161 2791 1245 palam
2842 1160 3181 1244 praefuit,
3234 1171 3301 1221 et
3349 1158 3669 1220 mansiss‘et
3734 1158 3886 1219 diu·

2388 1257 2518 1317 tius
2557 1257 2622 1319 in
2669 1276 2750 1318 eo
2782 1254 3087 1339 fastigio,
3134 1254 3175 1314 fi
3238 1254 3575 1321 moderari
3613 1251 3769 1326 fibi,
3823 1263 3887 1313 et

2390 1351 2806 1414 dissimulare
2831 1349 3199 1432 juvenilem
3253 1347 3374 1409 filii
3420 1349 3892 1432 impotentiam

2391 1445 2715 1509 valuiffet.
2821 1450 2911 1507 At
2945 1444 3123 1507 enim
3157 1461 3309 1507 cum
3364 1462 3541 1506 anno
3580 1442 3891 1525 proxime

2389 1541 2698 1623 sequente
2750 1542 3041 1603 severius
3105 1538 3204 1600 illi
3278 1555 3546 1600 amores
3607 1536 3892 1599 libertae

2393 1642 2594 1699 Actes
2673 1634 3117 1717 exprobraret
3136 1656 3168 1717 ‚·
3234 1653 3449 1715 neque
3537 1630 3893 1715 objurgare

2392 1750 2515 1815 pro
2552 1742 2859 1798 materno
2892 1733 3039 1810 jure
3113 1729 3483 1806 desineret,
3552 1731 3694 1810 ejus
3744 1747 3789 1788 a
3829 1726 3890 1787 se

2392 1828 2690 1890 animum
2730 1824 2930 1909 plane
2971 1826 3237 1889 avertit.

2387 1925 2563 1995 rita,
2615 1940 2771 1982 nam
2815 1920 3079 2004 longius
3113 1919 3214 1996 se,
3267 1936 3474 1999 quam
3549 1916 3831 2003 vplebat
3868 1958 3889 1991 ,

2386 2008 2794 2103 progressam
2833 2015 3039 2107 vidit,
3089 2026 3157 2075 et
3196 2012 3379 2096 quod
3434 2015 3729 2076 maxime
3769 2010 3894 2073 do·
3931 2025 3939 2032 ’

2389 2110 2609 2187 lebat,
2678 2112 3054 2193 potentiam
3114 2110 3578 2181 imminutam,
3668 2105 3893 2188 coepit

2390 2205 2711 2269 converso
2759 2201 2971 2267 studio
3003 2202 3316 2269 omnibus
3361 2204 3427 2264 in
3467 2203 3665 2265 rebus
3708 2198 3889 2261 obse-

2393 2303 2506 2385 qui
2541 2300 2681 2362 filio
2715 2300 2890 2363 adeo
2933 2302 3115 2364 omni
3165 2298 3425 2381 pudore
3451 2298 3764 2378 abjecto,
3821 2303 3893 2354 ut

2388 2396 2749 2479 aliquoties
2807 2396 3173 2457 meretricis
3218 2394 3395 2456 cultu
3443 2396 3582 2472 ejus
3631 2402 3893 2473 turpem

2388 2492 2740 2556 libidinem
2762 2490 3172 2553 reclamante
3192 2500 3432 2550 natura
3448 2486 3890 2556 solicitaret.‘)

2389 2588 2540 2649 Hae
2579 2598 2755 2646 artes
2798 2605 2951 2647 cum
2998 2583 3312 2646 incass'um
3344 2584 3662 2645 caderent
3700 2625 3719 2656 ,
3771 2597 3890 2640 ex-

2394 2699 2550 2743 uere
2615 2691 2758 2741 tum
2838 2699 3110 2743 omnem
3191 2676 3778 2747 moderationem,
3825 2680 3894 2732 et

2391 2772 2756 2837 transferre
2796 2773 3140 2838 adfectum
3183 2774 3411 2858 palam
3451 2774 3517 2833 in
3562 2767 3891 2832 Britanni·
3929 2767 3934 2772 ’

2393 2890 2543 2932 cum
2577 2915 2597 2944 ,
2648 2868 2932 2951 adjectis
2981 2889 3117 2932 non
3157 2869 3448 2932 obscure-
3480 2865 3719 2939 minis,
3770 2862 3890 2922 itu·

2393 2984 2540 3028 ram
2586 2965 2654 3025 in
2702 2961 2951 3041 castra,
3005 2975 3072 3025 et
3111 2965 3465 3047 imperium
3500 2961 3641 3034 filio
3674 2967 3890 3020 extor-

2389 3073 2639 3123 turam.
2741 3059 2864 3120 His
2916 3072 3296 3122 commotus
3343 3058 3520 3120 Nero
3564 3049 3890 3116 Britanni·

2393 3173 2546 3216 cum
2589 3173 2849 3216 veneno
2899 3174 2934 3214 e
2971 3153 3195 3216 medio
3222 3153 3421 3217 tollit.
3470 3141 3524 3232 l')
3578 3143 3734 3229 Qua
3751 3162 3895 3206 cae·

2396 3250 2479 3312 de
2524 3251 2737 3332 magis
2764 3251 2904 3328 jam
2948 3246 3231 3312 efferata
3291 3247 3701 3332 Agrippina,
3753 3257 3895 3301 ma·

2393 3345 2630 3430 gisque
2666 3344 2884 3406 indies
2935 3343 3157 3406 verbis
3237 3343 3469 3404 minax
3538 3334 3899 3412 videbatur

2395 3438 2771 3524 perniciosa
2843 3439 2909 3500 in
2997 3438 3209 3499 filium
3291 3437 3515 3500 moliri
3603 3428 3891 3495 conflua.

2398 3533 2603 3615 Quod
2640 3552 2789 3595 cum
2824 3543 3150 3596 metueret
3181 3532 3388 3607 Ner-0,
3439 3531 3730 3613 primum
3759 3542 3894 3586 ma·

2397 3630 2484 3691 tri
2515 3627 2840 3692 militares
2896 3626 3218 3690 excubias
3283 3626 3557 3699 adimit,
3626 3617 3898 3683 subinde

2399 3743 2483 3785 ex
2516 3721 2775 3806 palatio
2812 3721 3125 3783 aliorsum
3193 3719 3592 3783 translatam
3634 3721 3727 3782 ad
3770 3710 3897 3797 pri·

2398 3830 2631 3880 vatam
2680 3817 2892 3878 vitam
2973 3816 3238 3900 redigit.
3349 3807 3899 3896 -Tandem'cum

2397 3912 2580 3975 Nero
2614 3930 2847 3974 amore
2889 3912 3255 3994 Poppaeae
3309 3908 3603 3973 Sabinae
3650 3910 3896 3973 insani-

2396 4018 2536 4085 ret,
2589 4019 2792 4087 atque
2837 4005 3005 4069 haec
3046 4003 3358 4067 omnibus
3408 4006 3625 4067 modis
3658 4007 3894 4088 Aprip-

2397 4103 2597 4187 pinae
2636 4121 2871 4166 necem
2908 4102 3254 4177 suaderet,
3305 4119 3484 4163 anno
3522 4103 3603 4165 V.
3640 4097 3715 4162 C.
3759 4087 3894 4171 gia

2797 4362 2865 4428 b)
2899 4362 3010 4414 Dio
3049 4363 3117 4418 L.
3155 4362 3279 4417 Lx,
3316 4364 3347 4431 §
3388 4379 3475 4429 33.
3685 4363 3735 4423 c)
3772 4362 3906 4413 Tae.

2502 4432 2551 4493 e)
2591 4431 2732 4487 Tac.
2765 4432 2920 4493 Λευ.
2955 4430 3117 4486 xm.
3161 4447 3239 4497 ¹3·
3275 4442 3328 4483 et
3363 4431 3526 4487 XIV.
3570 4445 3641 4492 2..
3690 4429 3808 4484 Dio
3841 4430 3906 4482 1..

1893 4495 1938 4562 f)
1974 4497 2111 4551 Tac.
2148 4496 2316 4558 xm.
2353 4512 2412 4565 ²².
2450 4496 2557 4569 seq.

3337 1824 3519 1885 Tum
3565 1840 3731 1885 vero
3758 1833 3890 1882 ter·
3924 1902 3936 1909 β
