4225 5450
1737 380 2811 525 PRAEFATIQ

697 642 1113 748 'mulgatos
1154 650 1295 716 aut
1331 630 1734 738 putandos
1765 626 1913 705 ess'e
1951 630 2372 723 confictoS,
2423 642 2503 705 et
2531 627 2776 730 saepe
2800 623 3124 725 quidem
3165 625 3497 720 erudite,
3549 640 3685 703 aut
3711 640 3858 707 va-⁴

708 782 830 858 fre
871 807 961 855 ac
1003 776 1330 854 subdole
1372 773 1859 875 descriptos
1907 780 2084 855 aut,
2137 766 2189 841 fi
2229 768 2362 868 qui
2395 763 2683 851 fraude
2724 786 3001 863 carere
3042 762 3505 860 videantur,
3573 765 3856 860 saltem

712 918 1110 1020 suspectos
1145 912 1497 1005 tamdiu,
1547 911 1809 986 donec
1844 909 2187 987 aliorum
2219 905 2520 983 testium
2554 903 2895 985 accedat
2929 903 3393 984 auctoritas.
3490 874 3585 978 Ῐιι
3623 925 3868 1002 prae-

717 1056 931 1131 sente
969 1074 1164 1153 ergo
1217 1049 1594 1124 examine
1630 1045 2037 1125 hominem
2085 1048 2275 1123 inde
2316 1044 2421 1122 ab
2479 1057 2761 1121 exortu
2816 1040 2951 1116 suo
3016 1041 3376 1129 veritatis
3423 1043 3856 1149 numisma-

719 1187 931 1267 ticae
967 1189 1371 1282 ficarium,
1424 1199 1505 1262 ut
1554 1185 1751 1263 alibi
1783 1186 2144 1329 semper,
2191 1181 2506 1283 procul
2532 1178 3033 1289 habebimus.

750 1516 767 1537 .-
915 1468 1090 1549 At
1068 1494 1149 1543 ιιι
1200 1439 1752 1562 recensendiS,
1809 1467 2435 1569 ordinandisque
2467 1480 2843 1542 monetae
2869 1458 3334 1567 Augusteae
3361 1464 3638 1541 -numis-
3672 1465 3861 1543 inde

722 1631 781 1685 a
818 1604 1133 1691 duobus
1166 1603 1501 1681 saeculis
1529 1661 1553 1698 ,
1606 1616 1684 1682 et
1716 1606 2064 1707 amplius
2102 1576 2467 1683 maxima
2505 1605 2683 1679 laus
2744 1603 2895 1679 fuit
2944 1601 3457 1682 ADOLPHl
3525 1600 3884 1702 occo<

718 1743 902 1823 NIS
936 1745 1232 1819 medici
1275 1741 1756 1845 Augustani,
1814 1745 2031 1841 cujus
2075 1744 2472 1821 habemus
2553 1769 2755 1846 opus
2805 1760 3040 1821 tenue
3089 1744 3483 1842 primum,
3553 1758 3634 1820 et
3703 1742 3886 1821 hoc.

717 1885 1050 1965 nomine
1088 1884 1434 1961 editum.
1486 1880 1735 1986 Impp
1776 1881 2300 1958 Romanorum
2336 1886 2812 1962 numismata
2850 1908 2907 1960 a
2932 1879 3292 1986 Pompejo
3325 1879 3450 1961 M.
3476 1878 3593 1957 ad
3611 1879 3869 1958 Hera-

716 2018 962 2095 clium.
1063 2018 1679 2124 AntverpiaeM.
1718 2023 1810 2098 D.
1859 2018 2232 2098 LXXIX.
2279 2023 2368 2096 in
2393 2036 2543 2120 4co.
2691 2020 2826 2100 Ab
2880 2024 3052 2124 ipso
3108 2033 3434 2097 auctore
3493 2024 3871 2100 emenda-

694 2171 931 2250 .tum,
981 2158 1721 2260 locupletatamque
1754 2163 2042 2235 iterum
2084 2159 2385 2258 prodiit
2415 2160 2813 2266 Augustae
2836 2161 3452 2239 vindelicorum
3494 2185 3707 2277 anno
3743 2160 3872 2240 M.

725 2291 905 2371 Dc.
931 2292 993 2367 I.
1091 2292 1491 2371 Recusum
1536 2293 2043 2393 Antverpiae
2078 2295 2205 2376 Μ.
2253 2295 2434 2369 DC.
2476 2297 2757 2373 XXV.
2790 2298 3112 2375 testatur
3145 2294 3586 2371 Fabricius.
3638 2301 3705 2383 ⁸)
3783 2297 3878 2371 Si

721 2430 1143 2508 laudanda
1168 2440 1175 2469 ¹
1183 2433 1361 2528 jure
1399 2426 1504 2502 est
1549 2427 2020 2527 praestantis
2064 2428 2227 2509 ,viri
2281 2429 2739 2534 diligentia,
2791 2447 2872 2509 et
2915 2430 3357 2523 consilium,
3433 2429 3649 2530 quod
3708 2432 3882 2534 pri..

725 2592 907 2645 mus
952 2566 1140 2652 fuit,
1194 2567 1326 2667 qui
1376 2562 1759 2666 colligere
1806 2560 2339 2667 Augustorum
2378 2584 2666 2637 numos
2714 2588 2993 2637 omnes
3028 2581 3198 2636 tum
3229 2567 3643 2669 cognitos,
3696 2569 3880 2643 etin

729 2678 1192 2807 temporum
1227 2705 1629 2779 rationem
1675 2698 2143 2778 distribuere
2173 2711 2668 2793 tentaverat,
2718 2709 2991 2774 tamen
3042 2695 3305 2776 nostra
3351 2700 3510 2778 hac
3559 2714 3823 2779 aetate
3854 2762 3881 2800 ,

734 2867 895 2945 qua
928 2864 1089 2953 non
1136 2842 1383 2918 modo
1422 2840 1676 2916 multo
1711 2838 2111 2916 habemus
2148 2838 2597 2916 auctiorem
2632 2840 2796 2938 ejus
2829 2848 3208 2916 monetae
3246 2860 3694 2930 numerum,
3743 2845 3882 2919 sed

733 2980 949 3057 hanc
992 2982 1235 3055 etiam
1276 2978 1528 3055 multo
1584 2949 2041 3055 adcuratius
2080 2975 2585 3078 descriptam,
2639 2975 3254 3081 vulgatumque,
3310 3003 3512 3080 opus
3541 2978 3738 3060 istud
3776 2980 3880 3057 ab

739 3111 888 3211 iffa,
942 3141 1279 3221 quorum
1313 3113 1678 3211 interest,
1724 3118 1878 3194 vix
1919 3113 2269 3218 amplius
2321 3118 2405 3191 in
2453 3115 2858 3192 confilium
2897 3113 3344 3194 adhibetur.
3456 3097 3886 3198 Nihilomi-

741 3286 897 3338 nus
924 3259 1153 3336 hunc
1187 3241 1608 3333 industriae
1641 3253 1825 3332 suae
1873 3255 2056 3331 tulit
2091 3253 2481 3349 fructum,
2534 3268 2656 3351 ut,
2709 3257 2842 3359 qui
2879 3255 3261 3362 deinceps
3301 3259 3593 3336 eodem
3637 3261 3721 3333 in
3764 3259 3888 3335 ar-

751 3410 1135 3505 gumento
1172 3394 1461 3475 versati
1499 3395 1708 3489 sunt,
1764 3391 2119 3472 occonis
2176 3394 2523 3499 vestigiis
2582 3391 3077 3474 insistendum
3149 3399 3575 3497 ducerent,
3648 3413 3914 3503 atque-

753 3537 1314 3641 profiterentur
1342 3532 1526 3634 ipfi,
1574 3533 1772 3608 nihil
1803 3531 1943 3607 fibi
1985 3532 2209 3609 aliud
2256 3529 2472 3610 fuiffe
2511 3534 3040 3636 propositum,
3108 3531 3349 3635 qu'am
3400 3533 3482 3614 ut
3534 3536 3885 3619 Oeconis

762 3674 1241 3779 catalogum,
1271 3667 1883 3770 amplificarent,
1936 3685 2017 3749 et
2044 3672 2097 3747 fi
2146 3694 2304 3772 qua
2323 3686 2753 3792 peccatum
2779 3669 2985 3769 ess'et,
3032 3670 3344 3753 sanitati
3369 3677 3908 3786 restituerent(

954 3954 1064 4031 Et
1095 3952 1307 4028 hanc
1393 3952 1719 4052 quidem
1802 3925 2309 4055 provinciam
2363 3957 2535 4059 post
2575 3981 2834 4035 annos
2884 3971 3201 4037 centum
3278 3960 3362 4031 in
3445 3957 3523 4032 se
3563 3956 3894 4059 suscepit

771 4092 1473 4172 ERANCISCVS
1509 4091 2334 4172 MEDIOBARBVS
2370 4094 2864 4176 BIRAGVS
2904 4101 2984 4178 S.
3030 4099 3129 4178 R.
3167 4102 3226 4175 Ι.
3264 4093 3559 4176 Comes
3585 4159 3609 4196 ,
3662 4109 3743 4176 et
3772 4127 3894 4178 re-

664 4243 675 4252 “
758 4234 944 4338 giae
992 4236 1333 4366 civitatis
1371 4235 1681 4337 Papiae
1724 4234 2096 4325 decuri0,
2149 4230 2364 4307 edito
2393 4232 2566 4332 justi
2599 4239 3030 4320 voluminis
3091 4262 3337 4340 opere
3365 4295 3392 4333 ,
3464 4238 3566 4313 fic
3633 4241 3914 4316 inscri-'

761 4384 956 4473 pto:

726 4637 747 4652 ,
840 4588 901 4656 a)
940 4587 1017 4644 ad
1049 4588 1196 4646 Bibl.
1233 4607 1388 4652 num.
1423 4594 1606 4651 Band.
1642 4614 1702 4669 p.
1736 4598 1826 4667 36.

2843 5101 2858 5111 ι

1892 5122 1907 5135 ⁸
2775 5135 2778 5142 ι

3162 5187 3172 5206 Ι

3515 5321 3548 5348 .-

3353 5389 3368 5404 fl

1714 5447 1741 5450 a*
1750 5439 2214 5450 jssss--fiffl—VW
