4225 5450
810 602 938 669 ¹3²

790 783 885 845 ris
922 780 998 846 Ρ.
1037 779 1102 845 S.
1143 781 1207 849 S.
1243 777 1318 848 C.
1355 779 1603 845 Varios
1635 781 1761 846 hos
1798 800 2038 846 numos
2064 784 2304 847 descri-

790 877 886 965 psi
933 878 1260 944 adcurate
1316 881 1385 942 in
1459 891 1733 941 moneta
1815 875 2244 965 Carthaginis
2286 928 2308 963 ,

792 995 1001 1059 quam
1038 978 1199 1038 vide
1232 1023 1255 1053 ,
1308 972 1422 1037 etfi
1463 986 1718 1037 certum
1771 991 1906 1036 non
1979 974 2091 1051 fit,
2185 994 2304 1039 eos

792 1069 927 1155 huc
962 1072 1315 1154 pertinere.

1090 1166 1277 1230 IMP.
1320 1163 1690 1230 CAESAR.
1734 1163 1934 1250 Caput
1954 1164 2206 1231 nidum.

796 1266 849 1329 1.
883 1263 948 1328 S.
991 1262 1068 1330 P.
1100 1260 1189 1325 D.
1233 1266 1317 1329 V.
1353 1262 1418 1325 S.
1471 1262 1549 1326 P.
1598 1260 1843 1325 IIVIR.
1886 1258 1960 1327 C.
2007 1261 2061 1328 Ι.
2113 1260 2189 1324 C.
2232 1261 2307 1328 Ρ.

792 1367 862 1429 in
897 1360 1131 1427 medio.-
1181 1360 1259 1423 Ρ.
1303 1359 1382 1425 Ρ.
1420 1356 1508 1421 D.
1540 1355 1631 1419 D.
1734 1356 1881 1420 ΑΕ.
1918 1357 2311 1443 11.(Morel·

800 1458 853 1521 li
898 1454 1103 1538 ibid.)

903 1552 1172 1618 Similes
1247 1567 1488 1614 numos
1572 1546 1955 1631 complures
2028 1547 2314 1611 recitavi

804 1652 969 1714 item
1020 1651 1091 1711 in
1139 1657 1415 1713 moneta
1476 1640 1904 1728 Carthaginis
1941 1689 1962 1723 ,
2047 1646 2118 1706 in
2179 1661 2316 1728 qua

807 1746 1227 1828 conjecturas
1260 1760 1446 1804 meas
1492 1738 1833 1823 proposui.

1096 1835 1469 1903 CAESAR.
1531 1830 2026 1899 AVGVSTVS.
2112 1836 2318 1921 Caput

1092 1932 1342 1999 nudum.

803 2033 891 2115 Q.
928 2026 1417 2094 TERENTIO.
1508 2024 2012 2090 CVLLEONE.
2100 2026 2311 2090 PRO-

810 2126 1000 2194 COS.
1054 2126 1256 2211 Caput
1288 2117 1601 2209 Apollinis
1630 2122 2000 2188 laureatm.
2058 2123 2306 2188 AE.11.

898 2223 1111 2301 Vide,
1165 2239 1341 2305 quae
1384 2219 1469 2283 de
1518 2219 1652 2281 hoc
1702 2238 1910 2283 numo
1970 2217 2308 2305 disputavi

798 2323 866 2386 in
911 2318 1179 2383 familia
1213 2315 1560 2380 Terentia.

1088 2410 1589 2477 AVGVSTVS.
1666 2409 1884 2474 DIVI.
1956 2410 2037 2473 F.
2107 2408 2310 2495 Caput

1088 2510 1457 2575 laureatum.

798 2607 877 2683 C.
913 2606 1123 2672 vAR.
1155 2604 1357 2669 RVF.
1399 2602 1583 2666 SEX.
1622 2598 1800 2663 IVL.
1823 2598 2025 2663 POL.
2062 2599 2307 2663 IIVIR.

730 2688 1330 2789 -”Q.1‚firumma
1360 2696 1761 2784 pontificalia.
1817 2694 1960 2760 ΑΕ.
1992 2698 2070 2761 11.
2123 2696 2308 2781 (Mo.

795 2796 1122 2866 reni-tab.
1161 2794 1500 2870 XXXIII.)

899 2889 1188 2970 Conjicit
1235 2888 1609 2965 Florezius,
1635 2886 1812 2949 hunc
1838 2904 2117 2948 numum
2149 2883 2309 2949 Car.

798 2985 1054 3074 thagini
1092 2983 1337 3048 Novae
1377 2983 1831 3047 tribuendum.
1886 2978 1949 3062 ⁸)

1085 3076 1296 3147 AvG.
1350 3078 1853 3167 CaparAugusti
1882 3075 2139 3149 nudum.

802 3183 1065 3250 colonus
1101 3195 1321 3242 arans.
1424 3175 1565 3241 AE.
1619 3178 1726 3237 111.
1779 3172 1990 3258 (Mus.
2035 3165 2260 3258 Caes.)

1085 3272 1276 3337 IMP.
1363 3269 1735 3336 CAESAR.
1809 3265 2310 3333 AVGVSTVS.

1094 3369 1294 3454 Caput
1321 3367 1572 3434 nudum.
1616 3446 1624 3454 ι

802 3467 1003 3534 Cot..
1040 3464 1217 3528 IVL.
1259 3468 1329 3530 in
1367 3466 1511 3532 aliis
1535 3461 1750 3530 addito
1785 3456 1998 3526 AVG.
2053 3457 2317 3526 Cotomoe

802 3585 1018 3633 arans.
1119 3562 1263 3626 ΑΕ.
1311 3565 1423 3625 111.
1478 3559 1676 3636 (Mur.
1726 3551 1955 3637 Caes.)

897 3663 1043 3724 Hos
1081 3674 1321 3721 numos
1359 3655 1576 3719 v'ideri
1608 3653 2002 3718 tribuendos
2053 3650 2309 3735 Beryto

799 3755 1215 3831 Phoenices,
1291 3751 1437 3814 dixi
1496 3752 1565 3813 in
1616 3762 1890 3815 moneta
1938 3744 2138 3829 hujus
2185 3765 2306 3811 co·

800 3853 1046 3916 ioniae.

1234 4040 1430 4105 Numi
1470 4040 1695 4103 incerti
1742 4040 1875 4104 alii.

895 4139 1159 4203 Numos
1243 4135 1629 4220 inscriptos:
1681 4134 1747 4200 S.
1838 4133 2108 4199 CATO.
2163 4134 2308 4198 PR.

800 4235 921 4300 vel·
945 4233 1242 4299 PALIK.
1283 4230 1463 4309 PR„
1515 4250 1601 4294 ac
1633 4229 1872 4293 similes
1917 4228 2220 4315 descripti
2242 4231 2315 4292 in

795 4332 1015 4395 numis
1076 4327 1538 4413 Cyrenaicae,
1609 4326 1922 4410 quorsum
1992 4326 2309 4390 videntur

803 4427 1160 4509 pertinere.

864 4626 928 4691 a)
974 4625 1205 4679 medan.
1259 4628 1330 4680 de
1360 4585 1494 4697 Esp.
1531 4626 1601 4677 T.
1641 4626 1717 4683 11.
1754 4628 1874 4694 ιφ.

2384 3953 2670 4004 -exterae
2709 3941 2966 4025 regioni
3022 3938 3439 4006 tribuendos.

1982 582 2733 677 AVGVSTVS.

2499 785 2794 860 Numos,
2851 783 2918 846 in
2966 804 3248 870 quoe-um
3292 788 3529 851 aversa
3567 785 3653 849 est
3712 790 3778 855 C.
3828 794 3911 857 A.

2397 884 2578 945 intra
2620 883 2924 945 lauream
2959 928 2977 959 ,
3031 894 3187 945 ante
3241 882 3668 947 Pellerinium
3722 885 3902 951 Cae-

2397 972 2817 1061 saraugustae
2876 976 3241 1060 Hispaniae
3275 978 3610 1057 tributos,
3661 984 3904 1045 recita-

2399 1083 2507 1135 tos
2550 1071 2711 1135 vide
2744 1072 2810 1135 in
2868 1070 3198 1136 Caesarea
3252 1074 3553 1140 Paniade
3601 1076 3905 1142 Tracho-

2400 1167 2652 1230 nitidis.

2919 1360 2968 1424 I
2980 1380 3020 1424 u
3042 1359 3126 1426 aa·
3147 1364 3218 1425 ci
3239 1381 3352 1426 um

2399 1453 2474 1520 de
2511 1456 2714 1521 variis
2747 1455 3016 1540 Augusta·
3055 1459 3260 1522 numis-
3272 1504 3292 1537 ,
3326 1460 3525 1546 sintne
3590 1464 3911 1529 commatis

2738 1550 3053 1639 Romani,
3104 1573 3186 1617 an
3219 1558 3560 1640 peregrini.

2496 1742 2819 1806 Videmus
2869 1744 3116 1828 passim
3165 1744 3255 1809 ab
3318 1747 3713 1833 antiquariis
3780 1769 3908 1815 nu-

2400 1857 2552 1901 mos
2596 1838 2953 1923 plerosque
2993 1841 3213 1903 omnis
3251 1843 3550 1920 metalli,
3601 1847 3713 1928 qui
3765 1846 3905 1909 im-

2400 1931 2734 2018 peratoris
2772 1947 2976 2018 caput
3025 1936 3367 2013 exhibent,
3419 1940 3626 2003 modo
3663 1939 3907 2006 Latine

2399 2028 2696 2115 inscripti
2747 2027 2908 2107 sint,
2991 2043 3109 2095 aut
3171 2032 3484 2096 coloniae
3532 2035 3899 2118 indicium,

2397 2124 2904 2209 proconsulisve
2940 2128 3345 2191 mentionem
3379 2147 3511 2191 non
3571 2128 3902 2212 offerant,

2395 2220 2780 2285 Romanam
2817 2234 3193 2299 monetam,
3245 2221 3353 2284 seu
3393 2225 3457 2286 in
3513 2224 3679 2287 urbe
3747 2246 3907 2311 per-

2398 2316 2644 2380 cuss'am
2701 2314 3084 2382 existimari.
3220 2316 3374 2380 Alia
3441 2319 3609 2382 mihi
3662 2342 3900 2400 mens,

2398 2413 2506 2474 cui
2544 2413 2745 2496 plane
2801 2409 3175 2495 persuasum
3223 2410 3350 2488 est,
3421 2434 3734 2498 magnam
3787 2438 3900 2481 eo.

2399 2525 2548 2568 rum
2590 2519 2854 2592 partem
2916 2506 3283 2589 provinciis
3351 2512 3599 2571 exteris
3646 2511 3901 2577 deberi.

2399 2597 2568 2662 Cum
2611 2602 2694 2664 de
2730 2603 2970 2665 horum
3027 2600 3488 2685 compluribus
3543 2602 3708 2668 istud
3758 2625 3904 2671 cer·

2392 2706 2537 2757 tum
2576 2695 2686 2774 Iit,
2741 2718 2859 2762 cur
2894 2715 3026 2760 non
3071 2696 3251 2760 idem
3283 2717 3551 2784 quoque
3575 2702 3906 2783 judicium

2394 2789 2557 2854 ferri
2596 2795 2804 2877 possit
2835 2794 2918 2855 de
2967 2793 3118 2855 aliis
3155 2806 3340 2872 tum,
3393 2814 3545 2857 cum
3593 2794 3908 2878 fabrica,

2398 2888 2745 2951 metallum
2784 2938 2803 2966 ,
2855 2886 3171 2951 volumen
3198 2936 3216 2965 ,
3270 2890 3584 2975 aliaeque
3628 2892 3896 2978 perista-

2392 2983 2492 3047 ses
2535 2988 2671 3064 ejus
2709 2977 3265 3047 fidcm'faciunt?
3329 2986 3504 3049 Rem
3568 3008 3699 3050 uno
3748 3000 3904 3053 tan·

2394 3092 2537 3143 tum
2578 3091 2650 3143 ut
2679 3080 2993 3164 exemplo
3041 3078 3474 3161 confirmem,
3525 3102 3699 3166 quae
3745 3104 3905 3149 cau-

2391 3177 2463 3239 sa
2507 3174 2698 3240 suasit
2747 3175 3192 3258 antiquariis,
3249 3186 3320 3237 ut
3371 3195 3613 3240 numos
3679 3185 3904 3267 Augu-

2398 3270 2504 3351 sti,
2558 3272 3003 3357 aliorumque,
3056 3272 3430 3355 inquorum
3460 3275 3693 3338 aversa
3717 3291 3904 3342 com·

2395 3380 2594 3454 paret
2631 3366 2702 3432 S.
2743 3366 2825 3432 C.
2888 3385 3182 3431 coronae
3227 3387 3564 3451 quernae,
3612 3372 3722 3434 vel
3756 3373 3903 3436 lau-

2393 3485 2555 3529 reae
2586 3463 2908 3527 inclusum
2940 3510 2963 3540 ,
3014 3461 3140 3525 ess'e
3177 3461 3245 3524 in
3295 3463 3497 3547 Syria
3534 3467 3725 3530 cusos
3780 3468 3907 3532 fla-

2385 3561 2713 3624 tuerent?
2757 3558 2938 3623 Sane
2981 3569 3148 3621 nota
3189 3556 3266 3625 S.
3300 3557 3376 3623 C.
3418 3561 3742 3626 suadebat
3773 3585 3906 3650 po-

2393 3658 2565 3734 tius,
2615 3673 2733 3718 eos
2778 3656 3160 3717 Romanam
3193 3667 3537 3719 monetam
3571 3657 3904 3743 profiteri.

2396 3752 2659 3814 Tamen
2691 3750 2872 3832 quod
2926 3748 3197 3813 fabrica
3235 3751 3435 3814 essent
3485 3771 3532 3815 a
3589 3756 3913 3819 Romana

2395 3846 2679 3910 multum
2720 3843 3022 3923 diversa,
3071 3858 3496 3930 compertum
3571 3846 3696 3928 est,
3778 3871 3903 3914 eos

3559 3944 3760 4026 Quod
3813 3948 3910 4010 ad

2395 4034 2756 4099 ferendum
2794 4036 2878 4098 de
2911 4034 3017 4099 his
3051 4036 3271 4099 numis
3305 4038 3629 4119 judicium
3666 4041 3913 4120 valuit,

2395 4132 2629 4197 ‘valere
2671 4131 2882 4196 etiam
2919 4132 3010 4193 ad
3049 4130 3222 4195 alios
3257 4131 3505 4196 debere
3541 4153 3738 4198 nemo
3789 4158 3902 4199 ne·

2397 4228 2700 4315 gaverit,
2754 4227 3026 4313 quando
3069 4228 3137 4289 in
3182 4225 3266 4288 iis
3311 4229 3590 4310 eadem,
3662 4243 3780 4294 aut
3833 4231 3908 4294 si·

2398 4325 2578 4388 milis
2611 4323 2788 4389 ratio
2820 4322 3358 4409 deprehenditur.
3457 4325 3912 4411 Nequaquam

2389 4439 2683 4498 vereor,
2749 4437 2834 4483 ne
2908 4439 3027 4495 ea,
3104 4436 3279 4501 quae
3359 4418 3471 4484 hic
3553 4422 3860 4486 disseram
3886 4474 3911 4501 ,
