4225 5450
819 549 963 632 13&

1986 541 2752 623 AVGVSTVS'..

785 740 935 823 sari
978 740 1265 831 Augusto
1301 739 1390 808 ad
1412 744 1570 809 hanc
1601 742 1814 810 urbem
1849 743 1938 812 ad
1966 744 2316 831 concursum
2393 744 2547 820 lus,
2597 739 2657 825 ἱ)
2707 744 2952 808 dicitur
2986 742 3320 808 Polemon
3354 743 3666 808 sacerdos
3691 744 3916 810 ΤΑΣ.

794 837 1137 922 fluviorum
1170 841 1244 926 (β
1271 840 1400 928 pos
1379 849 1551 904 tum
1654 840 1817 906 Illud
1881 861 2063 907 aram
2132 838 2316 904 habet
2392 840 2723 905 ΡΩΜΑΣ.
2743 842 2922 904 ΚΑΙ.
2945 840 3909 905 eTTOKPAToP02.KA1-

806 934 1257 998 memorabilem
1293 955 1427 999 cum
1458 936 1861 1024 instriptione
1877 935 2332 1023 gentiumLX„
2392 935 2710 999 ΣΛΡΟΣ.
2751 935 2957 1000 ΘΕΩ.
2997 937 3172 999 Tm.
3205 937 3413 1002 ΘΕΩ.
3447 934 3904 998 ΣΕΒΑΣΤΩ.

807 1048 1062 1097 numero
1083 1076 1101 1104 ‚
1153 1040 1213 1093 et
1255 1032 1530 1115 imagine
1546 1033 1937 1118 singularum
1954 1079 1983 1109 ,
2023 1038 2169 1097 item
2205 1030 2316 1099 ali·

812 1143 917 1193 am
948 1145 1265 1208 magnam.
1370 1131 1574 1189 Aram
1607 1127 1783 1192 hanc
1815 1129 2201 1192 dedicatam
2217 1124 2322 1188 fu·

806 1219 922 1283 iss'e
956 1223 1040 1282 V.
1076 1219 1151 1284 C.
1186 1232 1349 1298 744,
1398 1222 1610 1284 tradit
1641 1224 2044 1300 Suetonius,
2096 1222 2161 1308 ·)
2210 1221 2327 1285 sed

806 1313 949 1379 Dio
983 1317 1121 1395 jam
1164 1314 1451 1378 biennio
1473 1329 1628 1380 ante
1651 1316 1962 1403 Lugduni
2001 1270 2087 1381 ad
2132 1318 2327 1381 aram

806 1407 1077 1495 Augusti
1102 1407 1331 1472 festum
1366 1411 1543 1477 diem
1579 1413 1993 1477 celebratum
2019 1412 2240 1477 docet.
2260 1400 2327 1495 ¹')

808 1503 1049 1568 L'ivius
1110 1505 1375 1590 insuper
1438 1520 1738 1571 creatum
1787 1508 2204 1574 sacerdotem
2240 1506 2320 1572 C.

807 1599 1052 1662 Iulium
1088 1602 1795 1666 Vercondaridubmm
1842 1606 2152 1668 Aeduum
2188 1626 2323 1667 me-

810 1707 1058 1759 morat.
1086 1700 1138 1770 ε)
1195 1698 1374 1761 Arae
1410 1697 1733 1765 Narbone
1756 1701 2012 1763 Martio
2058 1712 2325 1764 erectae

810 1791 1121 1854 meminit
1150 1791 1357 1855 etiam
1411 1794 1789 1880 epigraphe
1823 1789 2344 1878 Gruteriana.‘³)·

814 1884 1254 1972 Quapropter
1296 1886 1486 1953 licuit
1531 1888 1784 1952 Ovidio
1841 1910 2121 1955 canere:
2163 1890 2234 1977 e)

1537 1987 1787 2071 Templa
1831 1987 2145 2072 Quirinus

884 2073 1146 2156 Liber,
1185 2089 1246 2144 et
1294 2078 1583 2164 Alcides,
1634 2093 1695 2147 et
1728 2081 1908 2147 modo
1957 2082 2181 2170 Cacsar
2209 2085 2324 2152 ha·

1963 2176 2127 2243 bont.

807 2228 941 2332 Sed
976 2270 1161 2382 quod
1197 2290 1439 2335 numos
1458 2274 1835 2358 praesentes
1863 2277 2147 2360 propius
2167 2296 2324 2341 con-

804 2364 1051 2448 tingit
1092 2369 1235 2447 jam
1272 2366 1472 2451 supra
1506 2370 1595 2432 ad
1630 2391 1879 2434 annum
1916 2374 2003 2443 V.
2061 2370 2139 2435 C.
2182 2392 2317 2457 735

805 2459 1005 2543 plura
1038 2462 1232 2525 attuli
1275 2460 1686 2543 testimonia,
1760 2485 1881 2548 per
1926 2468 2332 2549 provincias.

782 2554 1041 2622 'Romae
1078 2557 1262 2621 timul
1320 2566 1387 2621 et·
1429 2561 1713 2645 Augusto
1766 2560 2012 2643 passim
2059 2564 2327 2646 templa

807 2649 998 2715 fuiss'e
1040 2654 1378 2719 dedicata.
1499 2655 1623 2739 His
1697 2656 1879 2716 addo
1951 2656 2330 2740 inscriptio..

809 2767 1007 2824 nem,
1058 2767 1236 2831 quae
1292 2747 1634 2832 hodieque
1722 2749 1960 2834 legitur
2003 2751 2216 2814 Polae
2252 2754 2320 2816 in

806 2839 1007 2903 Istria.
1036 2840 1246 2903 fronti
1264 2843 1534 2907 aedium
1558 2839 1876 2929 inscripta
1898 2868 1927 2908 :-
1970 2846 2319 2912 ROMAE.

810 2934 953 3002 ET.
1006 2934 1460 3003 AvaSTO.
1515 2936 1921 3004 CAESARI.
1989 2941 2209 3008 DIVI.
2247 2945 2338 3010 F„

809 3030 1122 3109 PATRI,
1187 3031 1607 3098 PATRIAE.
1659 3024 1714 3116 s)
1817 3038 2162 3100 Herodem
2223 3041 2323 3106 M.

813 3125 1186 3191 Caesareae
1220 3124 2016 3214 Palaestinaeso'cyoezpoeroe
2071 3154 2143 3197 το
2214 3155 2325 3217 μεν

810 3222 1042 3304 Ρωμης
1062 3268 1099 3304 ,,
1134 3243 1204 3286 το
1245 3222 1311 3288 δε
1340 3227 1653 3304 Καισαρος
1687 3226 2120 3306 eonstituin'e,
2173 3251 2319 3315 per.

810 3315 1007 3381 hibet
1042 3318 1148 3382 Fl.
1179 3317 1524 3404 Iosephus.
1553 3319 1624 3406 8)
1674 3321 2127 3407 Insigne-illud
2153 3329 2326 3388 tem-'

812 3412 1045 3499 plum,
1087 3416 1275 3499 quod
1304 3416 1713 3500 Mylasenses
1766 3416 2013 3483 Cariae
2079 3420 2324 3485 exstru-

813 3528 977 3573 xere
1004 3556 1025 3588 ,
1080 3524 1146 3573 et
1188 3514 1374 3591 cujus
1418 3509 1728 3597 epistylio
1775 3517 1845 3577 in
1890 3514 2068 3581 hunc
2140 3519 2321 3582 diem

812 3603 1205 3690 inscriptum
1283 3607 1572 3693 legitur:
1650 3613 1737 3676 Ο..
1779 3613 2118 3682 ΔΗΜὉΣ.
2171 3617 2321 3678 ΑΤ-

800 3700 1372 3768 ὝΟΚΡΑΤΟΡΙ.
1406 3705 2079 3772 ΚΑΙΣΑΡ1.ΘΕΟὙ’.
2116 3710 2342 3776 Tim..

817 3794 1308 3864 ΣΕΒΛΣΤΩΙ.
1375 3800 1809 3864 APXIEPEI.
1891 3804 2329 3879 ΜΕΓΙΣΤΩ.

820 3892 1001 3956 ΚΑΙ.
1027 3892 1261 3957 &Eat
1295 3895 1632 3973 PnMffl„
1672 3886 1753 3975 ⁴¹²)
1800 3898 2069 3960 viventi.
2097 3900 2330 3983 utique

823 3986 1049 4052 adhuc
1087 3987 1416 4073 Augusto,
1490 3993 1686 4072 eique
1735 3993 1990 4057 sociato
2062 3995 2340 4057 Romae

825 4083 1009 4145 cultu
1049 4080 1134 4145 est
1171 4085 1585 4152 dedicatum.
1683 4088 1759 4151 In
1795 4108 2135 4153 marmore
2203 4088 2334 4173 Cy·

824 4198 971 4244 mes
1010 4179 1351 4260 Aeolidis,
1406 4184 1591 4266 quod
1641 4184 1857 4248 edidit
1893 4204 2132 4248 comes
2158 4182 2334 4269 Cay-

897 4448 1007 4511 a)'
992 4465 1049 4497 m
1089 4447 1286 4500 Claud.
1323 4466 1368 4502 c.
1409 4466 1457 4502 2.

832 4514 883 4576 e)
925 4516 1094 4566 Amor
1099 4517 1212 4569 .L·.
1251 4518 1356 4571 111.
1398 4518 1467 4571 el.
1506 4519 1667 4571 vm.

830 4581 901 4642 Ι..
937 4582 1068 4640 XV.
1105 4599 1150 4636 e.
1193 4600 1276 4657 ²3

1719 4449 1777 4512 b)
1816 4452 1880 4502 L.
1922 4453 2071 4505 L1v.

1707 4537 1882 4644 *hfi-
2106 4453 2342 4584 {Foco
2346 4520 2414 4570 ck
2450 4519 2612 4576 deseri
2574 4533 2694 4604 npt.
2735 4470 2832 4570 Ori
2837 4531 2947 4578 ent
2985 4521 3059 4575 T.
3095 4520 3182 4573 111

1466 4585 1526 4654 h)
1562 4586 1730 4644 Chish
1842 4591 1975 4643 Aut.
2012 4587 2184 4650 Afiat.
2221 4607 2277 4665 Ρ
2319 4605 2458 4656 207·

2357 1029 2576 1114 -sstgo
2610 1042 2680 1093 et
2721 1028 3014 1114 Cymaei
3065 1029 3366 1094 habuere
3405 1030 3730 1113 templum
3771 1030 3909 1092 Ro-

2396 1143 2595 1202 mae,
2647 1137 2715 1189 et
2747 1121 3014 1209 Augusti
3054 1124 3275 1187 adhue
3311 1125 3504 1200 vivi,
3552 1135 3619 1186 et
3666 1125 3732 1187 in
3777 1122 3910 1186 hoc

2399 1237 2752 1283 marmore·
2791 1219 3057 1303 insuper
3085 1220 3351 1285 ΘΕΟΣ.
3386 1220 3909 1295 ΣΕΒΑΣΤΟΣ,

2399 1326 2470 1376 ut
2521 1315 2591 1378 in
2670 1317 2890 1379 numia
2975 1316 3452 1401 Pergamenis,
3504 1313 3910 1399 appellatur.

2401 1409 2494 1476 11.
2533 1409 2856 1474 Praestita
2894 1409 3066 1473 haec
3101 1411 3365 1494 utrique
3401 1411 3660 1473 numini
3705 1429 3909 1483 vene-

2400 1505 2581 1569 ratio
2619 1505 2772 1590 ipsis
2827 1506 3036 1568 etiam
3099 1508 3323 1569 numis
3396 1518 3589 1569 extra
3670 1504 3912 1567 urbem

2398 1599 2586 1663 haud
2632 1601 2835 1663 dubie
2865 1601 3027 1664 cusis
3053 1599 3142 1666 est
3185 1601 3592 1686 confignata.
3690 1600 3920 1685 Supra

2400 1697 2491 1757 ad
2529 1715 2779 1759 annum
2807 1698 2893 1760 V.
2937 1695 3016 1760 C.
3064 1717 3200 1780 735
3242 1695 3548 1782 descripsi
3606 1715 3912 1772 numum,

2397 1792 2509 1871 qui
2548 1791 2824 1854 exhibet
2854 1794 3182 1877 templum
3237 1813 3282 1856 a
3324 1792 3695 1856 commum·
3733 1790 3914 1852 ASI-

2369 1885 2516 1951 ,ΑΕ
2571 1886 2852 1950 ΚΟΜαε
2887 1887 3032 1951 ET.
3103 1886 3507 1952 AVGVSTo
3592 1897 3928 1952 erectum..

2395 1979 2614 2044 Nemo
2648 1984 2854 2046 credo
2902 1982 3187 2048 inficiari
3219 1983 3450 2060 volet,
3502 1981 3779 2068 perinde
3821 1998 3910 2044 ac

2397 2078 2726 2163 templum
2762 2080 2830 2141 in
2867 2079 3009 2164 ipsa
3067 2078 3218 2145 Ati-a
3261 2077 3682 2142 constitutum
3741 2077 3915 2139 indi-

2399 2185 2636 2251 catur,
2690 2177 2788 2237 ita
2837 2187 2906 2236 et
2944 2194 3216 2238 numum
3258 2173 3466 2258 ipsum
3511 2176 3578 2236 in
3617 2171 3767 2235 Asia
3831 2170 3907 2232 fi-

2399 2281 2698 2351 gnatum.
2799 2270 2979 2353 Ergo
3031 2283 3097 2333 et
3131 2270 3286 2346 his..
3329 2271 3414 2332 de
3476 2268 3719 2351 quibus
3769 2270 3920 2353 agi·

2399 2383 2548 2427 mus
2575 2410 2594 2439 ‚
2636 2366 2856 2429 nmnis
2893 2366 3162 2429 diversa
3197 2366 3284 2428 ab
3320 2366 3548 2429 Roma
3581 2364 3726 2448 ipsa
3782 2384 3916 2447 pa-

2398 2459 2532 2521 tria
2569 2460 2988 2541 inquirenda.
3092 2462 3209 2524 111.
3261 2461 3333 2523 Si
3366 2460 3549 2522 numi
3596 2460 3670 2521 hi
3708 2460 3915 2523 essent

2397 2553 2467 2615 in
2503 2552 2668 2616 urbe
2708 2553 2984 2638 signati,
3036 2575 3170 2619 non
3214 2555 3466 2619 abess'et
3499 2566 3666 2633 nota
3695 2554 3758 2617 S.
3786 2552 3865 2617 C.
3887 2601 3922 2631 ,

2396 2666 2573 2730 quae
2643 2650 2727 2711 in.
2769 2651 2989 2713 numis
3054 2652 3283 2714 aeneis
3333 2651 3498 2714 certi
3544 2652 3926 2714 commatis

2395 2744 2691 2809 Romani
2726 2745 2840 2809 sub
2905 2745 3194 2832 Augusto
3262 2747 3426 2811 cusis
3493 2747 3713 2810 abesse
3749 2767 3915 2810 nun.

2397 2859 2602 2922 quam
2647 2842 2832 2905 solet.
2933 2844 3047 2906 IV.
3098 2842 3262 2906 Sunt
3319 2864 3404 2906 ex
3447 2843 3666 2908 numis
3716 2842 3914 2922 hujus

2400 2940 2776 3020 argumenti
2814 2939 3194 3021 complures
3231 2941 3574 3003 maximae
3601 2936 3914 3016 formae,

2405 3042 2478 3092 at
2514 3034 2707 3112 hujus
2744 3035 2898 3095 aevi
2940 3036 3126 3095 numi
3170 3035 3431 3097 Romae
3469 3034 3696 3119 [ignati
3734 3036 3914 3096 tanti

2400 3127 2768 3193 voluminis
2852 3148 2986 3190 non
3035 3130 3222 3206 sunt,
3296 3144 3617 3212 quantum
3681 3142 3916 3193 tamen

2402 3244 2552 3288 non·
2577 3227 2778 3311 pauci
2812 3226 2878 3287 in
2920 3224 3341 3309 Hispanicis,
3396 3225 3683 3308 aliisque
3725 3225 3922 3289 colo—

2401 3323 2531 3385 niis
2563 3321 2858 3406 percussi
2891 3319 3301 3406 praeferunt.
3415 3324 3504 3385 V.
3587 3321 3932 3387 paucissiq

2406 3438 2555 3482 mos
2589 3417 2921 3481 habemus
2960 3435 3200 3478 numos
3245 3435 3493 3479 aeneos
3554 3417 3606 3480 1.
3645 3415 3919 3480 formae

2407 3515 2768 3579 commatis
2806 3515 2926 3593 R„
2978 3513 3045 3574 in
3108 3530 3392 3594 quorum
3472 3512 3698 3576 antica
3745 3512 3918 3574 scul-

2405 3624 2597 3697 ptum
2641 3610 2799 3672 ess'et
2831 3606 3098 3693 Augusti
3186 3607 3411 3672 adhuc
3470 3608 3615 3671 vivi
3670 3619 3921 3691 caput,

2397 3703 2493 3770 de*
2530 3725 2665 3788 quo
2711 3723 2873 3766 mox
2922 3716 3159 3789 agetur
3210 3701 3413 3767 infra.
3512 3703 3715 3766 Nullo
3752 3722 3940 3789 ergo-

2409 3812 2617 3886 pacto
2652 3798 3006 3863 verisimile
3032 3846 3051 3874 ‚
3103 3800 3520 3862 monetarios
3560 3799 3628 3860 in
3670 3799 3923 3864 feriun-

2412 3899 2515 3960 dis
2551 3897 2619 3958 id
2653 3914 2860 3979 genus
2901 3896 3119 3957 numis
3150 3894 3428 3958 voluisse
3490 3898 3628 3976 ejus
3669 3896 3927 3959 aetatis

2411 4011 2670 4055 morem
2737 4010 3136 4075 quacunque
3203 4009 3287 4054 ex
3324 3990 3526 4056 causa
3591 3991 3930 4076 placitum

2409 4086 2794 4173 infringere.
2895 4086 3206 4172 Denique
3244 4087 3362 4151 VI.
3425 4087 3465 4148 fi
3541 4087 3934 4150 consulatur
3983 4163 3996 4176 ·

2414 4203 2649 4249 eorum
2710 4181 2979 4247 fabrica
3057 4181 3244 4268 ipsa,
3298 4179 3504 4247 facile
3561 4183 3934 4269 perspiciet

2529 4455 2579 4520 c)
2618 4451 2814 4521 1an
2820 4454 2967 4503 io.tm
3021 4451 3086 4510 L
3146 4469 3340 4584 ι37.4
3425 4453 3466 4515 J
3521 4450 3923 4522 d)1³ag.·229.

3343 4538 3424 4590 25.

2628 4591 2666 4657 i)
2704 4589 2836 4644 Rea.
2872 4587 2926 4643 d'
2949 4589 3080 4643 Ant.
3126 4590 3199 4642 T.
3297 4607 3408 4664 .p.
3453 4598 3584 4656 ιδῃ..

3630 4523 3686 4591 g)
3723 4522 3924 4590 antiq.
4019 4555 4026 4561 -
