4225 5450
823 543 967 611 -372

842 741 1024 791 anno
1059 722 1429 810 praesente,
1461 732 1580 784 aut
1611 721 1920 806 proxime
1948 722 2356 804 praeceden-

761 813 910 887 νέα
948 821 1017 881 in
1063 818 1413 882 Sarmatas
1462 828 1672 880 mota.
1823 817 1996 878 Eam
2059 812 2355 878 breviter

842 915 1113 998 attingit
1148 914 1468 989 Tacitus,
1522 908 1584 993 ⁸)
1638 913 1967 997 prolixius
2015 910 2351 995 persequi-

843 1027 952 1076 tur
1008 1003 1375 1093 losephuS,
1426 996 1484 1084 ι’)
1554 1009 1866 1084 nimirum
1925 1011 2010 1070 V.
2078 1004 2156 1070 C.
2212 1019 2347 1087 823

846 1109 1198 1178 Sarmatas
1281 1103 1454 1164 inter
1523 1101 1678 1164 belli
1762 1102 1980 1167 civilis
2077 1101 2354 1164 turbida

841 1203 1074 1269 Istrum
1111 1196 1545 1282 transgressos
1588 1199 1840 1261 irruisse
1876 1199 1943 1260 in
1981 1195 2306 1261 Moesiam
2331 1242 2349 1272 ,

842 1311 911 1363 et
952 1296 1254 1368 adortos
1281 1294 1600 1356 Romana
1645 1292 1973 1377 praesidia
2011 1303 2152 1353 tum
2212 1311 2353 1355 mo·

843 1397 1043 1472 dica,
1095 1390 1392 1465 multoS,
1449 1390 1662 1469 'atque
1719 1408 1855 1450 una
1937 1385 2352 1450 consularem

843 1491 1142 1576 legatum
1189 1484 1549 1549 Fonteium
1587 1484 1962 1568 Agrippam
1991 1483 2057 1543 fn
2092 1483 2355 1565 praelio

845 1583 1178 1650 occidisse.
1281 1580 1438 1662 Qua
1485 1598 1557 1640 re
1602 1580 1843 1643 audita
1879 1576 2357 1660 Vespasianum

847 1682 1039 1745 misso
1077 1678 1377 1743 exercitu
1415 1677 1585 1739 duce
1645 1674 1908 1740 Rubrio
1963 1672 2167 1736 Gallo
2240 1692 2357 1736 eos

827 1801 832 1808 ·
845 1775 1167 1863 gravibus
1203 1773 1470 1836 damnis
1517 1768 1956 1846 adfectos-ex
1988 1769 2255 1855 imperii
2288 1768 2362 1831 fi·

846 1871 1047 1937 nibus
1091 1867 1509 1933 submoviffe.
1637 1868 1888 1931 Amissa
1946 1880 2089 1929 tum
2155 1868 2363 1929 etiam

841 1967 1026 2053 signa
1069 1967 1388 2027 Romana
1438 1963 1636 2027 caeso
1702 1963 1930 2049 legato
2006 1958 2363 2026 verisimile

849 2061 975 2140 est,
1029 2061 1139 2124 sed
1169 2057 1578 2146 postliminio
1619 2070 2024 2143 recuperata
2071 2057 2142 2119 hi
2177 2057 2363 2119 numi

759 2237 764 2242 .
846 2161 1112 2227 docent.

943 2252 1484 2328 Mediobarbus,
1568 2247 1870 2326 Gorius·‚
1925 2248 2195 2330 ‚aliique
2272 2269 2365 2314 ex

847 2350 1002 2414 solis
1036 2348 1143 2410 his
1189 2350 1447 2424 ηυωὶε,
1501 2363 1662 2410 nam
1709 2345 1861 2409 aliis
1909 2346 2361 2410 monumentis

847 2441 1413 2522 destituebantur,
1466 2453 1788 2525 arguunt,
1840 2440 1972 2502 hoc
2009 2459 2190 2502 anno
2220 2439 2361 2503 Do·

829 2543 1204 2604 ‘mitiannm
1235 2539 1496 2610 bellum
1546 2535 1678 2598 hoc
1727 2536 2094 2602 mandante
2165 2547 2360 2618 patre

843 2637 1226 2718 suscepisse,
1294 2630 1733 2713 finivisseque,
1866 2634 1956 2691 At
2021 2640 2195 2710 quae
2262 2631 2357 2691 eis

781 2771 794 2779 ·
841 2731 1012 2796 istud
1063 2728 1416 2798 adserendi
1453 2728 1629 2789 ratio
1659 2729 1687 2786 ’ἒ
1753 2744 1842 2787 an
1878 2725 2063 2806 quod
2112 2725 2357 2810 insigne

783 2864 790 2871 ·
839 2825 1011 2890 istud
1045 2822 1305 2887 factum
1359 2821 1574 2882 numis
1623 2819 2005 2883 Domitiani
2059 2820 2357 2883 inscribi-

841 2920 998 2982 tur?
1048 2937 1212 3002 ergo
1259 2917 1464 2978 etiam
1496 2916 1764 2980 victoria
1809 2916 2095 2992 navalis,
2150 2935 2353 2997 quam

842 3017 914 3078 in
953 3012 1108 3076 lacu
1154 3010 1607 3076 Gennesareth
1648 3031 1692 3074 a
1718 3011 2132 3096 Vespasiano
2171 3015 2355 3076 circa

841 3127 1094 3173 annum
1130 3112 1215 3175 V.
1261 3106 1338 3170 C.
1383 3119 1510 3179 821
1558 3120 1976 3192 reportatam
2020 3108 2354 3186 diximuS,

840 3202 1202 3267 tribuenda
1245 3203 1652 3267 Domitiano
1710 3216 1852 3266 tum
1920 3203 2187 3266 Romae
2242 3205 2353 3267 de·

844 3299 1052 3385 genti,
1079 3299 1402 3387 quoniam
1445 3317 1528 3360 ea
1561 3300 1628 3362 in
1663 3300 2044 3362 Domitiani
2082 3319 2354 3384 quoque

843 3397 1112 3472 numia,
1165 3397 1381 3479 iisque
1426 3395 1506 3456 V.
1547 3393 1619 3458 C.
1681 3399 1818 3467 826
1894 3394 2163 3484 signatis
2220 3415 2356 3458 me-

846 3502 1171 3556 moratur.
1269 3489 1507 3575 Neque
1550 3489 1766 3553 minus
1801 3491 1978 3552 male
2017 3491 2353 3574 arguitur,

843 3584 978 3649 hoc
1025 3604 1205 3649 anno
1253 3583 1621 3668 susceptum
1706 3584 1957 3671 bellum
2025 3585 2355 3649 Sarmati-

839 3699 1034 3756 cum,
1089 3681 1412 3763 quoniam
1441 3681 1886 3765 ejusegregie
1909 3679 2205 3743 confecti
2236 3681 2355 3742 ho·

844 3794 971 3837 nos
1023 3776 1093 3838 in
1143 3776 1338 3856 hujus
1405 3776 1567 3836 anni
1626 3776 1846 3838 numis
1901 3777 2389 3859 praedicatur.'

843 3871 955 3932 Sic
1001 3868 1425 3934 enimssetiam
1486 3882 1937 3934 memoratam
1993 3871 2354 3934 victoriam

787 3999 800 4009 ·
839 3964 1161 4028 navalem
1223 3964 1475 4026 necesse
1529 3967 1655 4027 erit
1705 3986 1983 4052 arguere
2063 3967 2352 4031 relatam

827 4063 928 4123 ·V.
967 4059 1045 4125 C.
1085 4073 1268 4140 824,
1324 4060 1647 4143 quoniam
1680 4082 1830 4124 eam
1863 4064 2054 4127 numi
2105 4062 2355 4146 Vespa-

805 4155 1002 4220 :siani
1067 4157 1263 4239 hujus
1319 4157 1480 4218 anni
1543 4159 1916 4242 produnt-
1957 4159 2122 4220 item
2173 4176 2352 4220 anno

848 4254 1023 4329 826,
1079 4252 1401 4336 quoniam
1429 4271 1580 4314 eam
1621 4254 1709 4315 ad
1747 4252 1924 4315 hunc
1954 4271 2201 4343 annum
2238 4272 2351 4314 nu-

845 4348 936 4408 mi
975 4347 1161 4424 Titi,
1211 4359 1281 4411 et
1319 4347 1694 4411 Domitiani
1727 4334 2063 4440 repetunt}
2162 4347 2357 4431 Piget

911 4552 968 4617 a)
1008 4549 1134 4603 Hm.
1172 4550 1271 4603 lv.
1305 4570 1394 4623 59.

1915 513 2823 598 DOMITIANVS‘.
2930 471 2937 476 ’

2434 716 2705 781 adferre
2752 711 3069 800 exempla
3091 717 3135 792 3'
3167 733 3372 800 quam
3402 716 3807 786 amaverint
3831 720 3947 784 im-

2430 825 2782 899 peratores
2827 811 3354 898 praeclara.sua
3400 811 3589 880 facta
3636 835 3765 899 per
3806 817 3942 901 plu-

2432 929 2536 972 res
2578 908 2856 971 subinde
2913 910 3605 993 annosnpraedicare.
3704 912 3939 975 Paucis

2431 1016 2505 1068 ut
2543 1003 2895 1067 absolvam
2920 1050 2947 1078 ,
2995 1025 3081 1066 ex
3112 1004 3215 1067 his
3253 1006 3473 1067 numis
3502 1025 3727 1088 neque
3765 1009 3947 1069 evin·

2429 1101 2491 1164 ci
2533 1097 2784 1185 potest,
2834 1098 3045 1168 ullum
3092 1098 3282 1162 fuisse
3335 1103 3425 1165 ad
3463 1101 3643 1165 hunc
3684 1097 3930 1166 'annum

2431 1193 2680 1258 bellum
2767 1194 3222 1262 Sarmaticum
3252 1237 3272 1271 ‚
3320 1217 3535 1281 neque
3611 1196 3938 1261 Domitia·

2416 1289 2934 1363 -num,ad.illud
2991 1292 3357 1375 gerendum
3422 1294 3648 1358 Roma
3714 1293 3934 1377 profe-

2429 1397 2638 1453 ctum.
2722 1386 2825 1448 Et
2860 1388 3105 1452 mirum
3143 1387 3296 1450 sane
3343 1388 3543 1465 esset,
3608 1387 3936 1474 Vespasia-

2430 1502 2591 1544 num
2638 1485 2781 1564 ejus
2800 1501 3043 1546 nutam
3074 1483 3420 1547 mandasse
3454 1486 3685 1568 potius
3704 1484 3931 1547 Domi-

2429 1579 2623 1640 tiano
2671 1576 2921 1640 dubiae
2980 1578 3141 1641 fidei
3184 1579 3641 1656 adolescenti,
3694 1592 3761 1643 et
3808 1580 3933 1650 nul·

2433 1671 2503 1734 la
2535 1672 2781 1735 bellica
2813 1672 3017 1737 laude
3070 1675 3380 1759 cognito,
3446 1675 3757 1761 neglecto
3805 1675 3933 1739 silio

2436 1779 2597 1830 natu
2628 1772 2885 1850 majore
2933 1770 3099 1833 Tito
3137 1770 3502 1836 multarum
3552 1772 3932 1855 palmatum

2437 1864 2648 1941 duce,
2694 1883 2781 1948 ac
2816 1877 2959 1930 tum
3003 1866 3073 1928 in
3116 1868 3260 1930 otio
3280 1868 3561 1932 ‚Romae
3604 1866 3849 1932 deside.
3896 1940 3916 1948 ⁶

2539 1960 2647 2022 A‘d
2680 1962 2981 2025 eandem
3044 1962 3407 2044 victoriam
3490 1963 3933 2028 Sarmaticam

2437 2053 2677 2116 referri
2719 2067 2865 2119 tuto
2920 2057 3131 2140 posset
3166 2089 3175 2096 -
3212 2077 3455 2120 numus
3518 2056 3934 2145 Vespasiani,

2436 2170 2657 2235 quem,
2686 2151 2965 2216 exhibui
2993 2154 3084 2215 ad
3134 2171 3383 2216 annum
3414 2156 3496 2217 V.
3528 2151 3605 2216 C.
3650 2166 3830 2230 824,
3876 2154 3935 2216 in

2437 2249 2626 2329 cujus
2678 2248 2914 2312 aversa
2943 2249 3261 2333 legimus:
3333 2247 3646 2317 smnus,
3680 2248 3939 2312 RECE-

2432 2343 2681 2422 PTIS,
2737 2364 2970 2408 verum
3017 2356 3090 2408 ut
3152 2343 3249 2407 ibi
3288 2344 3666 2428 disputavi,
3750 2365 3937 2429 atga-

2435 2451 2752 2503 mentum·
2783 2441 3058 2504 aversae
3114 2459 3248 2502 non
3332 2442 3553 2502 minus
3614 2442 3936 2523 pertinere

2436 2533 2648 2617 potest
2690 2538 2781 2599 ad
2817 2535 3071 2604 bellum
3117 2533 3634 2611 Germanicum,
3691 2555 3826 2620 quo
3869 2556 3934 2598 a·

2433 2630 2622 2692 miss'a
2668 2650 2937 2713 quoque
2974 2650 3126 2693 cum
3158 2629 3533 2714 legionibus
3574 2629 3750 2716 signa
3786 2651 3932 2694 con·

2434 2719 2597 2801 stat,
2651 2739 2718 2788 et
2769 2726 2957 2790 haud
3000 2727 3203 2790 dubie
3258 2726 3448 2789 finito
3508 2728 3801 2791 tumultu
3847 2750 3937 2794 re·

2433 2831 2653 2901 cepta.

2533 2914 2845 2978 Ceterum
2880 2918 3099 2980 omnis
3134 2918 3431 2993 scientia,
3482 2918 3853 2984 barbarum
3874 2920 3935 2983 in

2431 3013 2536 3075 his
2576 3012 2797 3074 numis
2829 3010 3255 3096 genuflexum
3310 3014 3434 3076 esse
3490 3013 3875 3078 Sarmatam
3907 3062 3927 3092 ‚

2431 3108 2759 3170 fundatur
2790 3108 2858 3170 in
2887 3108 3228 3172 vocabulo
3250 3109 3719 3172 ‘SARMATIS
3760 3111 3935 3173 numi

2429 3205 2749 3277 secundi3
2802 3224 2959 3265 nam
3002 3203 3051 3265 si
3087 3205 3256 3267 illud
3315 3205 3598 3282 abesset,
3650 3206 3933 3271 Parthus

2432 3301 2707 3363 omnino
2733 3300 2889 3361 esset
2923 3299 3313 3373 habendum
3365 3301 3539 3361 adeo
3572 3303 3793 3363 omnis
3824 3300 3934 3364 ha·

2432 3394 2647 3472 bitus,
2703 3408 2771 3458 et
2806 3394 3019 3458 cultus
3052 3395 3379 3459 Parthum
3425 3395 3671 3479 spirat,
3724 3396 3933 3477 qualis

2431 3511 2676 3575 nempe
2724 3494 2812 3555 ad
2856 3509 3088 3553 omnes
3136 3479 3365 3574 apices
3410 3489 3824 3567 simillimae,
3873 3504 3929 3552 et

2429 3589 2592 3649 item
2625 3584 2804 3647 flexo
2840 3606 3016 3670 genu
3047 3585 3277 3648 sistitur
3322 3588 3391 3649 in
3437 3589 3773 3670 argenteis
3808 3593 3928 3650 Au-

2432 3679 2594 3763 gusti
2656 3681 2873 3743 numia
2926 3680 3252 3745 vexillum
3306 3680 3597 3744 offerens
3639 3728 3658 3757 ‚
3745 3702 3927 3764 quem

2428 3774 2755 3839 Parthum
2794 3776 2918 3837 esse
2953 3788 3207 3838 certum
3250 3775 3357 3842 est.
3460 3776 3543 3838 Et
3581 3778 3823 3841 mirum
3844 3778 3925 3838 sa·

2433 3891 2515 3933 ne
2552 3872 2899 3947 videatur,
2954 3871 3282 3936 Sarmatis
3323 3884 3391 3935 et
3429 3870 3698 3937 Parthis
3738 3885 3925 3936 -tanto

2433 3979 2766 4028 terrarum
2804 3967 3165 4030 intervallo
3205 3969 3549 4047 disjunctis
3604 3969 3785 4030 idem
3826 3966 3926 4029 su-

2433 4062 2545 4125 isl‘e
2585 4060 2950 4125 vestimenti
3000 4083 3233 4145 genuS.
3288 4064 3794 4127 advertendum
3820 4063 3929 4125 eti·

2434 4176 2591 4241 am,
2643 4157 2925 4221 alterum
2964 4159 3139 4220 hunc
3167 4179 3442 4222 numum
3463 4159 3930 4221 Metelli-anum

2436 4274 2652 4337 neque
2692 4272 2737 4314 a
2776 4251 3197 4330 VaillantiO,
3247 4273 3462 4336 neque
3504 4254 3647 4315 alio
3704 4252 3929 4336 quopi-

2438 4366 2551 4410 am
2592 4346 3054 4432 conspectum,
3103 4349 3359 4412 tametsi
3424 4351 3763 4441 intnumis
3822 4354 3955 4411 Ar·-

1585 4549 1752 4616 12)-d0
1788 4550 1928 4604 neu.
1964 4550 2090 4613 lud,
2126 4553 2191 4606 L.
2230 4554 2361 4607 vu.
2397 4570 2443 4613 c.
2477 4572 2513 4624 5
2550 4553 2645 4608 cub
2681 4551 2773 4606 fin.
