4225 5450
779 529 921 605 ²44

782 690 912 793 q'ue
954 704 1277 768 trucidari
1305 703 1589 786 juberet.
1686 703 1851 767 Inde
1883 702 2166 787 factum,
2219 719 2292 769 ut

785 820 1018 868 omnes
1055 801 1142 878 ii,
1196 801 1311 882 qui
1344 820 1426 862 eo
1444 802 1819 882 imperante
1855 800 2148 863 aliorum
2174 821 2288 863 cu-

781 897 1056 984 piditati
1099 894 1434 985 obstitere,
1482 892 1688 956 facile
1713 893 1979 973 objecta
2006 895 2094 958 ab
2126 915 2285 957 uxo-

782 993 968 1061 ribus
997 1036 1016 1067 ‚
1070 1004 1188 1054 aut
1216 990 1474 1055 libertis
1508 988 1873 1073 suspicione
1902 990 2289 1052 insidiarum

789 1109 826 1152 e
861 1086 1086 1149 medio
1126 1085 1577 1151 tollerentur..
1642 1083 1947 1168 Stuporis
1980 1132 2000 1162 ,
2052 1104 2134 1147 ac
2189 1084 2290 1146 so·

786 1183 1063 1249 cordiae
1097 1180 1371 1266 copiosa
1399 1181 1611 1241 edidit
1641 1179 2042 1262 specimina,
2099 1199 2289 1262 prae·

787 1280 984 1363 cipue
1027 1295 1180 1338 cum
1208 1277 1279 1337 in
1329 1274 1603 1337 censura
1654 1275 1836 1357 leges
1870 1272 2092 1337 ’ferret
2153 1277 2288 1335 ine-

784 1373 1123 1461 ptissimas
1148 1419 1167 1450 ‚
1218 1381 1338 1435 aut
1415 1388 1531 1432 cos
1561 1418 1581 1448 ,
1636 1388 1804 1451 quos
1842 1371 2072 1432 necari
2103 1368 2291 1450 jusse-

784 1481 895 1534 rat
923 1515 945 1549 ‚
993 1469 1298 1552 priorum
1331 1463 1583 1528 oblitus
1640 1461 1955 1547 postridie
1991 1466 2081 1527 ad
2141 1483 2289 1526 coe-

785 1584 948 1630 nam
997 1574 1297 1625 vocaret.
1398 1557 1709 1622 Innatam
1739 1570 1963 1621 tamen
2023 1579 2293 1644 quoque

787 1657 1030 1723 habuit
1056 1656 1455 1725 saevitiem;
1510 1674 1668 1716 nam
1726 1652 1983 1715 nullum
2035 1650 2291 1738 gratius

787 1753 892 1817 illi
923 1749 1402 1834 spectaculum,
1455 1769 1660 1832 quam
1692 1750 1923 1812 videre
1960 1748 2293 1831 gladiato-

790 1868 899 1911 res
937 1848 1183 1908 mutuis
1215 1844 1483 1921 ictibus,
1536 1844 1647 1907 vel
1677 1865 1719 1906 a
1758 1840 1974 1906 bestiis
2007 1844 2250 1908 laniari
2271 1891 2293 1922 ,

794 1960 1162 2024 eorumque
1205 1939 1634 2002 morientium
1694 1938 2101 2001 miserabiles
2153 1939 2292 2001 vul-

792 2051 902 2102 tus
936 2036 1193 2100 videre.
1246 2032 1311 2116 ³)
1364 2036 1613 2097 Verum
1658 2055 1744 2100 ea
1779 2034 1993 2097 libido
2029 2036 2119 2096 ad
2155 2035 2294 2119 gla-

796 2132 1100 2198 diatores
1129 2144 1428 2213 tantum,
1480 2143 1549 2195 et
1607 2131 1909 2212 abjectos
1983 2130 2296 2194 homines

796 2228 1033 2293 valuit.
1130 2229 1400 2291 Revera
1440 2247 1576 2290 non
1622 2224 2099 2291 destituebatur
2151 2228 2298 2289 ani-

795 2325 894 2388 mi
929 2323 1160 2400 bonis,
1212 2334 1359 2385 erat
1402 2342 1537 2386 non
1590 2324 1943 2397 indoctus,
1993 2318 2297 2385 historia-

796 2439 947 2483 rum
988 2419 1126 2502 ipse
1170 2418 1450 2500 scriptor
1485 2437 1619 2480 non
1655 2416 1998 2500 inelegans
2027 2463 2046 2493 ,
2102 2417 2209 2478 sed
2233 2429 2296 2478 et

790 2515 928 2579 hac
972 2517 1042 2578 in
1078 2528 1273 2598 parte
1303 2512 1620 2595 ineptivit
1665 2510 2014 2593 alphabeti
2066 2511 2298 2573 literas

793 2611 905 2673 seu
947 2629 1166 2673 novas
1204 2607 1792 2680 comminiscendo,
1842 2603 1951 2666 seu
1991 2605 2299 2688 antiqua»-

793 2719 904 2770 tas
944 2704 1382 2778 reducendo,
1436 2715 1502 2762 et
1556 2700 1696 2763 usui
1779 2701 1954 2762 adeo
2022 2699 2298 2784 publico

689 2832 700 2841 -
798 2798 1244 2866 adversando.
1295 2785 1362 2871 1’)
1446 2796 1695 2860 Mentis
1751 2795 2148 2875 erectioris,r
2219 2816 2300 2858 ac

797 2890 1286 2977 perseverantis
1316 2890 1570 2951 indicia
1600 2887 1789 2952 fuere
1816 2888 2005 2950 adita
2030 2889 2119 2954 ab
2158 2891 2298 2974 ipso

797 2979 1191 3061 Britannia,
1244 2982 1627 3066 bellumque
1659 2983 1948 3069 gestum,
1999 2985 2302 3069 ingentes

718 3119 727 3124 -
798 3092 1034 3167 portus
1100 3077 1404 3143 Ostiensis
1481 3077 2028 3154 substructiones,
2110 3079 2302 3145 lacus

797 3174 1035 3244 Fucini
1075 3174 1513 3252 emiffarium,
1564 3177 2027 3258 aquaeductus
2088 3174 2157 3236 in
2201 3195 2301 3239 ur·

802 3271 958 3338 bem
999 3268 1328 3354 perfecti,
1380 3289 1465 3331 ex
1518 3279 1662 3352 ‘quo
1711 3270 1931 3353 patuit
2002 3266 2304 3335 futurum

796 3365 988 3430 fuiss‘e
1022 3383 1421 3450 magnarum
1462 3383 1683 3428 rerum
1716 3384 1853 3428 non
1880 3365 2304 3447 incapacem,

801 3462 844 3523 fi
901 3461 1103 3544 digna
1139 3460 1481 3545 principe,
1534 3459 1643 3522 sed
1694 3461 1784 3527 ad
1823 3459 2005 3542 quod
2057 3459 2306 3546 fastigi.

800 3575 915 3620 um
958 3554 1316 3619 destinatus
1358 3573 1701 3636 nunquam
1736 3553 2001 3631 fuerat,
2056 3553 2304 3619 institu-

798 3653 919 3726 tio,
949 3650 1339 3713 accessisset.

894 3747 1001 3808 De
1048 3743 1415 3822 uxoribus,
1468 3755 1537 3805 et
1595 3742 1825 3808 liberis
1903 3758 2141 3830 agetur
2205 3748 2309 3810 in·-

798 3840 930 3904 fra.

814 4011 821 4018 p
892 3934 1219 3999 Postremi
1259 3932 1456 4017 hujus
1494 3936 1666 4000 ,anni
1697 3936 1883 3999 numi
1926 3938 2100 4004 ,certi
2140 3936 2310 4005 mihi

802 4032 1037 4118 ignoti.
1570 4047 1571 4050 ’

1967 507 2681 583 CLAVDIVS.

2834 703 3048 785 Divus
3095 707 3414 781 Claudius.

2662 872 2958 959 Dtvvs.
3019 893 3491 965 cLAvmvs
3549 898 3878 964 Avovs-

2660 989 2860 1054 TVS.
2913 992 3122 1074 Caput
3170 995 3537 1058 laureatum.

2373 1081 2515 1144 Ex.
2549 1082 2617 1147 S.
2657 1082 2731 1146 C.
2786 1090 2997 1163 (etiam
3012 1090 3142 1171 stne
3198 1088 3587 1172 epigraphe.)
3648 1089 3874 1175 Z'kensa

2375 1196 2419 1241 a
2456 1179 2789 1263 quadrigis
2836 1202 3125 1267 equorum
3169 1193 3396 1248 tracta.
3527 1186 3676 1249 AV.
3735 1185 3880 1247 AR.

2381 1268 2586 1357 (Mus.
2630 1275 2848 1349 Caes.)

2423 1444 2436 1455 „
2476 1372 2881 1435 Auctoribus
2943 1372 3216 1447 Tacito,
3239 1369 3302 1454 ⁰)
3370 1374 3637 1451 Dione,
3690 1365 3747 1442 ἆ)
3815 1383 3882 1436 et

2378 1462 2596 1525 Plinio
2635 1463 2695 1545 e)
2749 1464 3059 1530 coelestes
3083 1467 3371 1531 Claudio
3404 1469 3693 1532 honores
3712 1488 3878 1531 mox

2378 1558 2469 1620 ab
2511 1565 2648 1639 ejus
2676 1560 2866 1622 obitu
2899 1564 3150 1625 decreti
3193 1564 3357 1627 sunt.
3460 1571 3545 1635 At
3571 1565 3879 1627 Suetoni-

2380 1672 2498 1714 us:
2549 1643 2603 1732 f)
2652 1658 3020 1743 Funeratus*
3084 1660 3157 1744 0st
3214 1659 3451 1743 solemn·
3530 1662 3880 1743 principum

2372 1768 2602 1831 pompa
2624 1795 2643 1827 ,
2695 1759 2755 1813 et
2796 1753 2864 1815 in
2916 1771 3234 1816 numerum
3279 1753 3542 1818 deorum
3582 1753 3820 1818 retatus
3859 1798 3878 1828 ,

2378 1864 2550 1927 quem
2601 1842 2889 1910 honorem
2916 1867 2959 1911 a
2989 1849 3236 1912 Nerone
3276 1849 3619 1935 destitutum
3642 1895 3662 1925 ,
3735 1846 3879 1913 abo·

2379 1937 2668 2025 titumque
2747 1945 2969 2026 recepit
3043 1965 3195 2008 mox
3233 1964 3350 2026 per
3435 1945 3503 2009 V
3500 1944 3880 2033 espasanam.

2384 2033 2586 2114 Quod
2619 2035 2866 2121 mirum
2911 2038 3258 2113 videatur-3
3308 2058 3465 2101 nam
3502 2059 3636 2101 non
3678 2040 3881 2123 modo

2382 2130 2565 2191 Nero
2605 2130 2674 2191 in
2709 2131 3251 2214 inscriptionibus
3278 2178 3322 2220 ,ἢ
3362 2146 3429 2195 et
3475 2135 3693 2196 numis
3741 2134 3881 2218 pas-

2383 2222 2497 2285 fim
2541 2224 2784 2288 dicitur
2814 2227 2969 2292 Diva·
3020 2222 3262 2292 Claudii
3290 2229 3511 2312 filius,
3592 2228 3701 2291 sed
3747 2229 3879 2312 ipse

2385 2318 2742 2383 Suetonius
2801 2322 2866 2383 in
2940 2322 3213 2384 Nerone
3262 2322 3326 2403 ὅ)
3406 2324 3544 2398 ait,
3612 2322 3701 2385 ab
3753 2323 3883 2385 hoc

2383 2411 2744 2481 Claudium
2774 2416 3289 2500 apparatissimo
3329 2416 3565 2479 funere
3593 2417 3782 2479 fuiss'e
3820 2438 3881 2478 e-

2383 2507 2639 2586 latum,
2709 2511 3059 2574 laudatum
3084 2558 3102 2588 ‚
3175 2504 3880 2575 CONSECRATVM.

2382 2603 2760 2688 Intelligere
2782 2626 2940 2688 ergo
2971 2608 3236 2667 videtur
3263 2607 3557 2669 *honores
3588 2606 3881 2690 reliquos

2386 2700 2733 2776 decretos,
2779 2701 3354 2784 intermilsos‘que,
3408 2721 3490 2764 ac
3522 2704 3882 2787 praecipue

2382 2792 2709 2878 templum
2749 2795 2832 2855 D.
2862 2792 3132 2859 Claudii
3168 2808 3480 2879 coeptum
3519 2797 3609 2859 ab
3652 2799 3885 2882 Agrip-

2383 2889 2571 2972 pina,
2624 2889 2733 2951 sed
2772 2890 3098 2956 aNerone
3129 2889 3431 2953 funditus
3459 2890 3883 2968 ,destructum

2386 2984 2572 3067 quod
2604 2982 2878 3046 subinde
2916 2985 3350 3048 aedificatum
3390 3007 3434 3049 a
3483 2984 3882 3070 Vespaliano

2384 3079 2564 3140 idem
2606 3079 2961 3146 Suetonius
2987 3092 3238 3143 narrat.
3261 3073 3334 3164 1¹)
3384 3081 3537 3162 Non
3573 3081 3714 3144 alia
3750 3100 3888 3145 ma·
3991 3089 4012 3110 ‘

2385 3173 2486 3257 gis
2515 3174 2937 3236 consecratio
2967 3177 3228 3254 majore
3275 3175 3365 3238 ab
3402 3175 3554 3261 ipfis
3612 3175 3887 3239 coaevis

2386 3267 2682 3330 ludibrio
2755 3281 3043 3353 excepta
3095 3267 3242 3331 fuit.
3341 3271 3521 3332 Nero
3603 3269 3886 3355 lethales

2391 3362 2682 3428 Claudio
2748 3362 3010 3427 boletos
3083 3362 3337 3428 deorum
3369 3368 3566 3454 istam
3631 3364 3889 3428 solebat

2392 3458 2778 3545 appellare,
2828 3455 2889 3538 i)
2943 3470 3010 3521 et
3051 3455 3527 3540 luvenaliszk)

2771 3554 2998 3621 Minus
3036 3573 3188 3637 ergo
3222 3574 3441 3624 norm
3485 3558 3608 3619 erit
3635 3556 3888 3642 Agrin-

2481 3743 2757 3821 Boletus,
2773 3783 2784 3794 ι
2797 3742 3314 3829 fiquidem,unius
3327 3671 3704 3826 ρναιέιΐιὲῖι
3727 3725 3888 3833 pres·

2479 3933 2601 4001 1110
2628 3933 2843 4021 senis,
2892 3883 3333 4023 :remumque
3380 3946 3563 4021 cam
3573 3844 3887 4119 fficmaae-

3109 4091 3122 4098 -
3407 4037 3413 4043 ’
3445 4051 3517 4096 re
3533 4034 3572 4118 j
3647 4039 3698 4094 tt
3855 4047 3866 4054 ·

862 4394 937 4457 a)
972 4391 1118 4446 Suet.
1153 4377 1215 4449 cs
1238 4405 1326 4457 34,
1399 4390 1509 4441 Dio
1546 4390 1614 4450 L,
1652 4363 1781 4441 LX.¹
1817 4406 1894 4456 ¹3·
2084 4386 2141 4450 b)
2163 4355 2404 4440 ‚Suetom
2441 4406 2491 4448 c,
2527 4404 2611 4453 4³·
2686 4390 2866 4447 Tacit.
2907 4392 3054 4439 Ann.
3091 4389 3191 4441 XI.
3237 4405 3330 4457 13,
3369 4400 3423 4439 er
3455 4399 3664 4440 veteres
3712 4406 3886 4458 gram·

806 4462 1004 4508 marici.
1190 4462 1243 4524 c)
1279 4461 1430 4510 Anu.
1464 4458 1597 4508 ΧΠ.
1635 4460 1719 4524 69.
1983 4453 2042 4518 d)
2082 4455 2146 4505 L.
2185 4455 2306 4507 Lx.
2346 4458 2375 4524 §
2410 4472 2498 4525 35.
2758 4459 2814 4522 e)
2852 4457 3051 4523 Paneg.
3106 4474 3150 4513 c.
3197 4476 3273 4508 ιι.
3450 4510 3454 4513 ,
3540 4455 3580 4520 s)
3611 4459 3760 4528 Cap.
3787 4471 3882 4524 45.

802 4528 855 4596 g)
891 4524 1031 4595 Gap.
1066 4543 1116 4594 9.
1335 4526 1395 4593 h)
1428 4529 1487 4578 in
1523 4522 1689 4594 Vesp,
1729 4541 1777 4581 c,
1814 4540 1867 4591 9.
2036 4526 2077 4589 i)
2115 4522 2226 4575 Dio
2264 4525 2300 4575 l.
2337 4543 2386 4583 c,
2556 4523 2613 4589 k)
2652 4522 2766 4576 Sat.
2811 4526 2908 4584 VI,
2946 4525 3054 4596 ⁶¹9·
