<?xml version="1.0" encoding="UTF-8"?>
<!DOCTYPE html PUBLIC "-//W3C//DTD XHTML 1.0 Transitional//EN"
    "http://www.w3.org/TR/xhtml1/DTD/xhtml1-transitional.dtd">
<html xmlns="http://www.w3.org/1999/xhtml" xml:lang="en" lang="en">
 <head>
  <title>
</title>
<meta http-equiv="Content-Type" content="text/html;charset=utf-8" />
  <meta name='ocr-system' content='tesseract 3.04.00' />
  <meta name='ocr-capabilities' content='ocr_page ocr_carea ocr_par ocr_line ocrx_word'/>
</head>
<body>
  <div class='ocr_page' id='page_1' title='image "./doctrinanumorum02unkngoog_0240.png"; bbox 0 0 4225 5450; ppageno 0'>
   <div class='ocr_carea' id='block_1_1' title="bbox 808 509 2672 608">
    <p class='ocr_par' dir='ltr' id='par_1_1' title="bbox 808 509 2672 608">
     <span class='ocr_line' id='line_1_1' title="bbox 808 509 2672 608; baseline 0.004 -33"><span class='ocrx_word' id='word_1_1' title='bbox 808 522 934 586; x_wconf 67' lang='grc' dir='ltr'>,εε</span> <span class='ocrx_word' id='word_1_2' title='bbox 2007 509 2672 608; x_wconf 77' lang='lat' dir='ltr'><strong>TIBERIVS.</strong></span> 
     </span>
    </p>
   </div>
   <div class='ocr_carea' id='block_1_2' title="bbox 788 702 3894 943">
    <p class='ocr_par' dir='ltr' id='par_1_2' title="bbox 788 702 3894 889">
     <span class='ocr_line' id='line_1_2' title="bbox 792 702 3890 798; baseline 0.003 -30"><span class='ocrx_word' id='word_1_3' title='bbox 792 702 1227 769; x_wconf 85' lang='lat' dir='ltr'><strong>MARTIAS.</strong></span> <span class='ocrx_word' id='word_1_4' title='bbox 1286 702 1975 787; x_wconf 80' lang='lat' dir='ltr'><strong>QVIA.HAC.T1.</strong></span> <span class='ocrx_word' id='word_1_5' title='bbox 2045 704 2290 771; x_wconf 88' lang='lat' dir='ltr'><strong>CAES.</strong></span> <span class='ocrx_word' id='word_1_6' title='bbox 2380 722 2608 772; x_wconf 85' lang='lat' dir='ltr'>netam</span> <span class='ocrx_word' id='word_1_7' title='bbox 2653 726 2971 786; x_wconf 82' lang='lat' dir='ltr'>auream,</span> <span class='ocrx_word' id='word_1_8' title='bbox 3024 720 3090 771; x_wconf 89' lang='lat' dir='ltr'>et</span> <span class='ocrx_word' id='word_1_9' title='bbox 3124 721 3513 794; x_wconf 75' lang='lat' dir='ltr'>argenteam</span> <span class='ocrx_word' id='word_1_10' title='bbox 3557 704 3890 798; x_wconf 63' lang='lat' dir='ltr'>adimpe-</span> 
     </span>
     <span class='ocr_line' id='line_1_3' title="bbox 788 799 3894 943; baseline 0.002 -77"><span class='ocrx_word' id='word_1_11' title='bbox 788 799 1060 866; x_wconf 86' lang='lat' dir='ltr'><strong>PONT.</strong></span> <span class='ocrx_word' id='word_1_12' title='bbox 1112 800 1335 866; x_wconf 88' lang='lat' dir='ltr'><strong>MAX.</strong></span> <span class='ocrx_word' id='word_1_13' title='bbox 1388 799 1974 863; x_wconf 83' lang='lat' dir='ltr'><strong>FELICISSIME.</strong></span> <span class='ocrx_word' id='word_1_14' title='bbox 2020 799 2296 864; x_wconf 84' lang='lat' dir='ltr'><strong>CREA·</strong></span> <span class='ocrx_word' id='word_1_15' title='bbox 2382 815 2718 886; x_wconf 73' lang='lat' dir='ltr'>retorem,</span> <span class='ocrx_word' id='word_1_16' title='bbox 2769 823 3051 867; x_wconf 78' lang='lat' dir='ltr'><strong>aeneam</strong></span> <span class='ocrx_word' id='word_1_17' title='bbox 3098 804 3189 866; x_wconf 87' lang='lat' dir='ltr'>ad</span> <span class='ocrx_word' id='word_1_18' title='bbox 3251 803 3551 943; x_wconf 70' lang='lat' dir='ltr'>senatum</span> <span class='ocrx_word' id='word_1_19' title='bbox 3586 809 3894 889; x_wconf 76' lang='lat' dir='ltr'>pertinu-</span> 
     </span>
    </p>
   </div>
   <div class='ocr_carea' id='block_1_3' title="bbox 772 892 2517 1358">
    <p class='ocr_par' dir='ltr' id='par_1_3' title="bbox 772 892 2517 1166">
     <span class='ocr_line' id='line_1_4' title="bbox 792 892 2517 978; baseline 0.002 -22"><span class='ocrx_word' id='word_1_20' title='bbox 792 893 993 959; x_wconf 84' lang='lat' dir='ltr'><strong>TVS.</strong></span> <span class='ocrx_word' id='word_1_21' title='bbox 1038 894 1229 959; x_wconf 91' lang='lat' dir='ltr'><strong>EST.</strong></span> <span class='ocrx_word' id='word_1_22' title='bbox 1348 892 1523 957; x_wconf 84' lang='lat' dir='ltr'>Fasti</span> <span class='ocrx_word' id='word_1_23' title='bbox 1581 896 1801 958; x_wconf 86' lang='lat' dir='ltr'>Verrii</span> <span class='ocrx_word' id='word_1_24' title='bbox 1840 892 2031 978; x_wconf 84' lang='lat' dir='ltr'>ipsos</span> <span class='ocrx_word' id='word_1_25' title='bbox 2087 896 2296 958; x_wconf 83' lang='lat' dir='ltr'>etiam</span> <span class='ocrx_word' id='word_1_26' title='bbox 2379 897 2517 963; x_wconf 81' lang='lat' dir='ltr'>isse.</span> 
     </span>
     <span class='ocr_line' id='line_1_5' title="bbox 772 987 2297 1071; baseline -0.001 -19"><span class='ocrx_word' id='word_1_27' title='bbox 772 987 1095 1052; x_wconf 61' lang='lat' dir='ltr'>*consules</span> <span class='ocrx_word' id='word_1_28' title='bbox 1134 987 1418 1050; x_wconf 84' lang='lat' dir='ltr'>Drusum</span> <span class='ocrx_word' id='word_1_29' title='bbox 1460 999 1529 1050; x_wconf 88' lang='lat' dir='ltr'>et</span> <span class='ocrx_word' id='word_1_30' title='bbox 1565 988 1999 1068; x_wconf 82' lang='lat' dir='ltr'>Norbanum,</span> <span class='ocrx_word' id='word_1_31' title='bbox 2052 991 2169 1071; x_wconf 79' lang='lat' dir='ltr'>qui</span> <span class='ocrx_word' id='word_1_32' title='bbox 2194 988 2297 1051; x_wconf 85' lang='lat' dir='ltr'>fu-</span> 
     </span>
     <span class='ocr_line' id='line_1_6' title="bbox 798 1082 1908 1166; baseline 0.001 -20"><span class='ocrx_word' id='word_1_33' title='bbox 798 1092 990 1153; x_wconf 81' lang='lat' dir='ltr'>erunt</span> <span class='ocrx_word' id='word_1_34' title='bbox 1021 1082 1217 1166; x_wconf 80' lang='lat' dir='ltr'>hujus</span> <span class='ocrx_word' id='word_1_35' title='bbox 1270 1083 1462 1160; x_wconf 87' lang='lat' dir='ltr'>anni,</span> <span class='ocrx_word' id='word_1_36' title='bbox 1514 1085 1791 1147; x_wconf 88' lang='lat' dir='ltr'>addunt.</span> <span class='ocrx_word' id='word_1_37' title='bbox 1843 1082 1908 1165; x_wconf 75' lang='lat'>⁸)</span> 
     </span>
    </p>

    <p class='ocr_par' dir='ltr' id='par_1_4' title="bbox 802 1175 2299 1358">
     <span class='ocr_line' id='line_1_7' title="bbox 892 1175 2299 1253; baseline 0 -14"><span class='ocrx_word' id='word_1_38' title='bbox 892 1178 1040 1241; x_wconf 79' lang='lat' dir='ltr'>Hos</span> <span class='ocrx_word' id='word_1_39' title='bbox 1079 1196 1318 1240; x_wconf 79' lang='lat' dir='ltr'>numos</span> <span class='ocrx_word' id='word_1_40' title='bbox 1371 1175 1505 1241; x_wconf 86' lang='lat' dir='ltr'>hoe</span> <span class='ocrx_word' id='word_1_41' title='bbox 1558 1180 1719 1241; x_wconf 88' lang='lat' dir='ltr'>loco</span> <span class='ocrx_word' id='word_1_42' title='bbox 1763 1178 2111 1253; x_wconf 77' lang='lat' dir='ltr'>recenseo,</span> <span class='ocrx_word' id='word_1_43' title='bbox 2162 1195 2299 1240; x_wconf 87' lang='lat' dir='ltr'>non</span> 
     </span>
     <span class='ocr_line' id='line_1_8' title="bbox 802 1271 2298 1358; baseline 0 -24"><span class='ocrx_word' id='word_1_44' title='bbox 802 1273 985 1357; x_wconf 87' lang='lat' dir='ltr'>quod</span> <span class='ocrx_word' id='word_1_45' title='bbox 1010 1272 1358 1358; x_wconf 82' lang='lat' dir='ltr'>praesente</span> <span class='ocrx_word' id='word_1_46' title='bbox 1378 1284 1636 1336; x_wconf 85' lang='lat' dir='ltr'>tantum</span> <span class='ocrx_word' id='word_1_47' title='bbox 1661 1292 1837 1336; x_wconf 87' lang='lat' dir='ltr'>anno</span> <span class='ocrx_word' id='word_1_48' title='bbox 1870 1271 2098 1357; x_wconf 78' lang='lat' dir='ltr'>[ignati</span> <span class='ocrx_word' id='word_1_49' title='bbox 2128 1272 2298 1348; x_wconf 77' lang='lat' dir='ltr'>sunt,</span> 
     </span>
    </p>
   </div>
   <div class='ocr_carea' id='block_1_4' title="bbox 678 1354 2299 1453">
    <p class='ocr_par' dir='ltr' id='par_1_5' title="bbox 678 1354 2299 1453">
     <span class='ocr_line' id='line_1_9' title="bbox 678 1354 2299 1453; baseline -0.002 -23"><span class='ocrx_word' id='word_1_50' title='bbox 678 1354 691 1373; x_wconf 73' lang='lat'>&#39;</span> <span class='ocrx_word' id='word_1_51' title='bbox 797 1368 910 1430; x_wconf 90' lang='lat' dir='ltr'>sed</span> <span class='ocrx_word' id='word_1_52' title='bbox 944 1369 1268 1450; x_wconf 87' lang='lat' dir='ltr'>quoniam</span> <span class='ocrx_word' id='word_1_53' title='bbox 1303 1368 1505 1453; x_wconf 87' lang='lat' dir='ltr'>primi</span> <span class='ocrx_word' id='word_1_54' title='bbox 1558 1366 2027 1453; x_wconf 74' lang='lat' dir='ltr'>pontificatum</span> <span class='ocrx_word' id='word_1_55' title='bbox 2083 1366 2299 1430; x_wconf 79' lang='lat' dir='ltr'>maxi-</span> 
     </span>
    </p>
   </div>
   <div class='ocr_carea' id='block_1_5' title="bbox 799 1462 2303 1735">
    <p class='ocr_par' dir='ltr' id='par_1_6' title="bbox 799 1462 2303 1735">
     <span class='ocr_line' id='line_1_10' title="bbox 803 1462 2302 1544; baseline -0.005 -15"><span class='ocrx_word' id='word_1_56' title='bbox 803 1486 985 1530; x_wconf 87' lang='lat' dir='ltr'>mum</span> <span class='ocrx_word' id='word_1_57' title='bbox 1024 1475 1425 1526; x_wconf 85' lang='lat' dir='ltr'>memorant.</span> <span class='ocrx_word' id='word_1_58' title='bbox 1528 1463 1705 1544; x_wconf 83' lang='lat' dir='ltr'>Qui’n</span> <span class='ocrx_word' id='word_1_59' title='bbox 1769 1466 1915 1543; x_wconf 88' lang='lat' dir='ltr'>jure</span> <span class='ocrx_word' id='word_1_60' title='bbox 1958 1462 2133 1524; x_wconf 88' lang='lat' dir='ltr'>inter</span> <span class='ocrx_word' id='word_1_61' title='bbox 2186 1479 2302 1523; x_wconf 91' lang='lat' dir='ltr'>nu·</span> 
     </span>
     <span class='ocr_line' id='line_1_11' title="bbox 800 1554 2303 1642; baseline -0.007 -16"><span class='ocrx_word' id='word_1_62' title='bbox 800 1580 953 1626; x_wconf 81' lang='lat' dir='ltr'>mos</span> <span class='ocrx_word' id='word_1_63' title='bbox 984 1560 1249 1623; x_wconf 87' lang='lat' dir='ltr'>Tiberii</span> <span class='ocrx_word' id='word_1_64' title='bbox 1281 1577 1495 1642; x_wconf 83' lang='lat' dir='ltr'>vagos</span> <span class='ocrx_word' id='word_1_65' title='bbox 1511 1558 1898 1620; x_wconf 87' lang='lat' dir='ltr'>collocandi</span> <span class='ocrx_word' id='word_1_66' title='bbox 1914 1554 2056 1618; x_wconf 88' lang='lat' dir='ltr'>sunt</span> <span class='ocrx_word' id='word_1_67' title='bbox 2075 1580 2094 1630; x_wconf 80' lang='lat'>3</span> <span class='ocrx_word' id='word_1_68' title='bbox 2144 1573 2303 1619; x_wconf 84' lang='lat' dir='ltr'>nam</span> 
     </span>
     <span class='ocr_line' id='line_1_12' title="bbox 799 1653 2303 1735; baseline -0.007 -16"><span class='ocrx_word' id='word_1_69' title='bbox 799 1655 955 1719; x_wconf 86' lang='lat' dir='ltr'>inde</span> <span class='ocrx_word' id='word_1_70' title='bbox 989 1655 1076 1718; x_wconf 88' lang='lat' dir='ltr'>ab</span> <span class='ocrx_word' id='word_1_71' title='bbox 1111 1654 1243 1717; x_wconf 89' lang='lat' dir='ltr'>hoc</span> <span class='ocrx_word' id='word_1_72' title='bbox 1275 1671 1452 1716; x_wconf 88' lang='lat' dir='ltr'>anno</span> <span class='ocrx_word' id='word_1_73' title='bbox 1475 1670 1686 1735; x_wconf 87' lang='lat' dir='ltr'>usque</span> <span class='ocrx_word' id='word_1_74' title='bbox 1729 1653 1819 1713; x_wconf 87' lang='lat' dir='ltr'>ad</span> <span class='ocrx_word' id='word_1_75' title='bbox 1855 1653 1991 1730; x_wconf 83' lang='lat' dir='ltr'>ejus</span> <span class='ocrx_word' id='word_1_76' title='bbox 2014 1663 2303 1712; x_wconf 73' lang='lat' dir='ltr'>mortem</span> 
     </span>
    </p>
   </div>
   <div class='ocr_carea' id='block_1_6' title="bbox 801 1743 2350 1830">
    <p class='ocr_par' dir='ltr' id='par_1_7' title="bbox 801 1743 2350 1830">
     <span class='ocr_line' id='line_1_13' title="bbox 801 1743 2350 1830; baseline -0.007 -16"><span class='ocrx_word' id='word_1_77' title='bbox 801 1751 1060 1814; x_wconf 83' lang='lat' dir='ltr'>denarii</span> <span class='ocrx_word' id='word_1_78' title='bbox 1100 1750 1328 1826; x_wconf 87' lang='lat' dir='ltr'>aurei,</span> <span class='ocrx_word' id='word_1_79' title='bbox 1382 1759 1449 1810; x_wconf 87' lang='lat' dir='ltr'>et</span> <span class='ocrx_word' id='word_1_80' title='bbox 1479 1746 1775 1830; x_wconf 84' lang='lat' dir='ltr'>argentei</span> <span class='ocrx_word' id='word_1_81' title='bbox 1817 1746 1942 1829; x_wconf 86' lang='lat' dir='ltr'>(de</span> <span class='ocrx_word' id='word_1_82' title='bbox 1978 1743 2304 1826; x_wconf 77' lang='lat' dir='ltr'>quinariis</span> <span class='ocrx_word' id='word_1_83' title='bbox 2343 1790 2350 1796; x_wconf 92' lang='lat'><strong>.</strong></span> 
     </span>
    </p>
   </div>
   <div class='ocr_carea' id='block_1_7' title="bbox 764 1833 2304 2865">
    <p class='ocr_par' dir='ltr' id='par_1_8' title="bbox 764 1833 2304 2865">
     <span class='ocr_line' id='line_1_14' title="bbox 802 1833 2300 1927; baseline -0.007 -19"><span class='ocrx_word' id='word_1_84' title='bbox 802 1845 1025 1908; x_wconf 81' lang='lat' dir='ltr'>aureis</span> <span class='ocrx_word' id='word_1_85' title='bbox 1056 1861 1191 1906; x_wconf 89' lang='lat' dir='ltr'>non</span> <span class='ocrx_word' id='word_1_86' title='bbox 1227 1833 1502 1927; x_wconf 67' lang='lat' dir='ltr'>loiluor)</span> <span class='ocrx_word' id='word_1_87' title='bbox 1552 1851 1823 1925; x_wconf 85' lang='lat' dir='ltr'>praeter</span> <span class='ocrx_word' id='word_1_88' title='bbox 1842 1840 1968 1901; x_wconf 79' lang='lat' dir='ltr'>hos</span> <span class='ocrx_word' id='word_1_89' title='bbox 2005 1858 2158 1903; x_wconf 88' lang='lat' dir='ltr'>cum</span> <span class='ocrx_word' id='word_1_90' title='bbox 2192 1855 2300 1899; x_wconf 87' lang='lat' dir='ltr'>ea·</span> 
     </span>
     <span class='ocr_line' id='line_1_15' title="bbox 799 1931 2302 2025; baseline -0.006 -24"><span class='ocrx_word' id='word_1_91' title='bbox 799 1940 939 2025; x_wconf 84' lang='lat' dir='ltr'>pite</span> <span class='ocrx_word' id='word_1_92' title='bbox 979 1938 1240 2000; x_wconf 88' lang='lat' dir='ltr'>Tiberii</span> <span class='ocrx_word' id='word_1_93' title='bbox 1279 1936 1507 2021; x_wconf 82' lang='lat' dir='ltr'>[ignati</span> <span class='ocrx_word' id='word_1_94' title='bbox 1546 1954 1681 1997; x_wconf 90' lang='lat' dir='ltr'>non</span> <span class='ocrx_word' id='word_1_95' title='bbox 1705 1934 1885 2010; x_wconf 86' lang='lat' dir='ltr'>sunt,</span> <span class='ocrx_word' id='word_1_96' title='bbox 1939 1932 1984 1994; x_wconf 84' lang='lat' dir='ltr'><strong>fi</strong></span> <span class='ocrx_word' id='word_1_97' title='bbox 2021 1931 2302 1995; x_wconf 88' lang='lat' dir='ltr'>nonnul-</span> 
     </span>
     <span class='ocr_line' id='line_1_16' title="bbox 800 2024 2303 2114; baseline -0.006 -20"><span class='ocrx_word' id='word_1_98' title='bbox 800 2024 908 2095; x_wconf 72' lang='lat' dir='ltr'>los</span> <span class='ocrx_word' id='word_1_99' title='bbox 960 2030 1326 2094; x_wconf 86' lang='lat' dir='ltr'>consecrati</span> <span class='ocrx_word' id='word_1_100' title='bbox 1379 2027 1645 2114; x_wconf 79' lang='lat' dir='ltr'>Augusti</span> <span class='ocrx_word' id='word_1_101' title='bbox 1726 2028 1981 2091; x_wconf 84' lang='lat' dir='ltr'>demas.</span> <span class='ocrx_word' id='word_1_102' title='bbox 2105 2028 2303 2089; x_wconf 83' lang='lat' dir='ltr'>Vnde</span> 
     </span>
     <span class='ocr_line' id='line_1_17' title="bbox 801 2121 2304 2211; baseline -0.005 -23"><span class='ocrx_word' id='word_1_103' title='bbox 801 2129 1136 2191; x_wconf 81' lang='lat' dir='ltr'>rationem</span> <span class='ocrx_word' id='word_1_104' title='bbox 1168 2127 1256 2188; x_wconf 81' lang='lat' dir='ltr'>‘in</span> <span class='ocrx_word' id='word_1_105' title='bbox 1337 2136 1657 2211; x_wconf 84' lang='lat' dir='ltr'>promptu</span> <span class='ocrx_word' id='word_1_106' title='bbox 1723 2121 2095 2199; x_wconf 81' lang='lat' dir='ltr'>habemus,</span> <span class='ocrx_word' id='word_1_107' title='bbox 2185 2139 2304 2183; x_wconf 82' lang='lat' dir='ltr'>cur</span> 
     </span>
     <span class='ocr_line' id='line_1_18' title="bbox 799 2217 2302 2304; baseline -0.005 -19"><span class='ocrx_word' id='word_1_108' title='bbox 799 2223 986 2285; x_wconf 85' lang='lat' dir='ltr'>numi</span> <span class='ocrx_word' id='word_1_109' title='bbox 1022 2240 1171 2284; x_wconf 89' lang='lat' dir='ltr'>cum</span> <span class='ocrx_word' id='word_1_110' title='bbox 1209 2221 1339 2284; x_wconf 88' lang='lat' dir='ltr'>hoc</span> <span class='ocrx_word' id='word_1_111' title='bbox 1372 2232 1539 2304; x_wconf 83' lang='lat' dir='ltr'><strong>typo</strong></span> <span class='ocrx_word' id='word_1_112' title='bbox 1561 2230 1754 2283; x_wconf 89' lang='lat' dir='ltr'>tanta</span> <span class='ocrx_word' id='word_1_113' title='bbox 1785 2217 2153 2279; x_wconf 88' lang='lat' dir='ltr'>hodiedum</span> <span class='ocrx_word' id='word_1_114' title='bbox 2190 2234 2302 2278; x_wconf 86' lang='lat' dir='ltr'>co·</span> 
     </span>
     <span class='ocr_line' id='line_1_19' title="bbox 799 2311 2297 2401; baseline -0.003 -23"><span class='ocrx_word' id='word_1_115' title='bbox 799 2318 919 2401; x_wconf 89' lang='lat' dir='ltr'>pia</span> <span class='ocrx_word' id='word_1_116' title='bbox 953 2316 1322 2400; x_wconf 82' lang='lat' dir='ltr'>suppetant.</span> <span class='ocrx_word' id='word_1_117' title='bbox 1423 2311 1496 2376; x_wconf 86' lang='lat' dir='ltr'>In</span> <span class='ocrx_word' id='word_1_118' title='bbox 1559 2313 1696 2376; x_wconf 90' lang='lat' dir='ltr'>solo</span> <span class='ocrx_word' id='word_1_119' title='bbox 1762 2312 2154 2374; x_wconf 82' lang='lat' dir='ltr'>Florentino</span> <span class='ocrx_word' id='word_1_120' title='bbox 2199 2312 2297 2373; x_wconf 91' lang='lat' dir='ltr'>M.</span> 
     </span>
     <span class='ocr_line' id='line_1_20' title="bbox 797 2406 2302 2488; baseline -0.005 -13"><span class='ocrx_word' id='word_1_121' title='bbox 797 2411 1010 2475; x_wconf 81' lang='lat' dir='ltr'>Ducis</span> <span class='ocrx_word' id='word_1_122' title='bbox 1029 2410 1268 2474; x_wconf 71' lang='lat' dir='ltr'>snuseo</span> <span class='ocrx_word' id='word_1_123' title='bbox 1317 2412 1487 2472; x_wconf 86' lang='lat' dir='ltr'>duos</span> <span class='ocrx_word' id='word_1_124' title='bbox 1540 2420 1612 2469; x_wconf 79' lang='lat' dir='ltr'>et</span> <span class='ocrx_word' id='word_1_125' title='bbox 1678 2406 1952 2488; x_wconf 85' lang='lat' dir='ltr'>triginta</span> <span class='ocrx_word' id='word_1_126' title='bbox 1998 2408 2302 2486; x_wconf 85' lang='lat' dir='ltr'>ejusdem</span> 
     </span>
     <span class='ocr_line' id='line_1_21' title="bbox 792 2501 2302 2591; baseline -0.005 -21.947"><span class='ocrx_word' id='word_1_127' title='bbox 792 2505 1096 2591; x_wconf 82' lang='lat' dir='ltr'>exempli</span> <span class='ocrx_word' id='word_1_128' title='bbox 1131 2524 1374 2569; x_wconf 81' lang='lat' dir='ltr'>aureos</span> <span class='ocrx_word' id='word_1_129' title='bbox 1406 2503 1647 2586; x_wconf 84' lang='lat' dir='ltr'>reperi.</span> <span class='ocrx_word' id='word_1_130' title='bbox 1765 2501 2051 2582; x_wconf 84' lang='lat' dir='ltr'>Magnus</span> <span class='ocrx_word' id='word_1_131' title='bbox 2095 2501 2302 2563; x_wconf 83' lang='lat' dir='ltr'>etiam</span> 
     </span>
     <span class='ocr_line' id='line_1_22' title="bbox 802 2591 2301 2663; baseline -0.006 0"><span class='ocrx_word' id='word_1_132' title='bbox 802 2620 1039 2663; x_wconf 86' lang='lat' dir='ltr'>eorum</span> <span class='ocrx_word' id='word_1_133' title='bbox 1071 2617 1390 2662; x_wconf 86' lang='lat' dir='ltr'>numerus</span> <span class='ocrx_word' id='word_1_134' title='bbox 1438 2594 1568 2659; x_wconf 83' lang='lat' dir='ltr'>fuit</span> <span class='ocrx_word' id='word_1_135' title='bbox 1602 2597 1670 2656; x_wconf 90' lang='lat' dir='ltr'>in</span> <span class='ocrx_word' id='word_1_136' title='bbox 1719 2592 2070 2655; x_wconf 86' lang='lat' dir='ltr'>Caesareo.</span> <span class='ocrx_word' id='word_1_137' title='bbox 2173 2591 2301 2655; x_wconf 73' lang='lat' dir='ltr'>Ex·</span> 
     </span>
     <span class='ocr_line' id='line_1_23' title="bbox 764 2686 2301 2772; baseline -0.006 -14"><span class='ocrx_word' id='word_1_138' title='bbox 764 2694 981 2758; x_wconf 61' lang='lat' dir='ltr'>eluso</span> <span class='ocrx_word' id='word_1_139' title='bbox 1024 2695 1210 2757; x_wconf 85' lang='lat' dir='ltr'>omni</span> <span class='ocrx_word' id='word_1_140' title='bbox 1267 2692 1404 2756; x_wconf 86' lang='lat' dir='ltr'>alio</span> <span class='ocrx_word' id='word_1_141' title='bbox 1465 2701 1636 2772; x_wconf 79' lang='lat' dir='ltr'>typo</span> <span class='ocrx_word' id='word_1_142' title='bbox 1701 2686 1995 2751; x_wconf 83' lang='lat' dir='ltr'>debebat</span> <span class='ocrx_word' id='word_1_143' title='bbox 2059 2686 2301 2749; x_wconf 88' lang='lat' dir='ltr'>horum</span> 
     </span>
     <span class='ocr_line' id='line_1_24' title="bbox 801 2780 2304 2865; baseline -0.005 -16"><span class='ocrx_word' id='word_1_144' title='bbox 801 2807 1116 2850; x_wconf 82' lang='lat' dir='ltr'>numerus</span> <span class='ocrx_word' id='word_1_145' title='bbox 1149 2803 1479 2849; x_wconf 82' lang='lat' dir='ltr'>annorum</span> <span class='ocrx_word' id='word_1_146' title='bbox 1512 2781 1720 2843; x_wconf 84' lang='lat' dir='ltr'><strong>XXII.</strong></span> <span class='ocrx_word' id='word_1_147' title='bbox 1760 2780 1973 2865; x_wconf 81' lang='lat' dir='ltr'>spatio</span> <span class='ocrx_word' id='word_1_148' title='bbox 2026 2781 2304 2842; x_wconf 87' lang='lat' dir='ltr'>immen-</span> 
     </span>
    </p>
   </div>
   <div class='ocr_carea' id='block_1_8' title="bbox 801 2863 2378 2962">
    <p class='ocr_par' dir='ltr' id='par_1_9' title="bbox 801 2863 2378 2962">
     <span class='ocr_line' id='line_1_25' title="bbox 801 2863 2378 2962; baseline -0.003 -22"><span class='ocrx_word' id='word_1_149' title='bbox 801 2880 940 2942; x_wconf 89' lang='lat' dir='ltr'>sum</span> <span class='ocrx_word' id='word_1_150' title='bbox 974 2880 1225 2962; x_wconf 80' lang='lat' dir='ltr'>augeri.</span> <span class='ocrx_word' id='word_1_151' title='bbox 1326 2878 1553 2957; x_wconf 84' lang='lat' dir='ltr'>Quare</span> <span class='ocrx_word' id='word_1_152' title='bbox 1587 2875 1741 2937; x_wconf 84' lang='lat' dir='ltr'>inde</span> <span class='ocrx_word' id='word_1_153' title='bbox 1789 2873 1876 2937; x_wconf 89' lang='lat' dir='ltr'>ab</span> <span class='ocrx_word' id='word_1_154' title='bbox 1929 2874 2063 2935; x_wconf 90' lang='lat' dir='ltr'>hoc</span> <span class='ocrx_word' id='word_1_155' title='bbox 2125 2893 2303 2936; x_wconf 89' lang='lat' dir='ltr'>anno</span> <span class='ocrx_word' id='word_1_156' title='bbox 2361 2863 2378 2876; x_wconf 51' lang='lat'>⁸</span> 
     </span>
    </p>
   </div>
   <div class='ocr_carea' id='block_1_9' title="bbox 758 2966 2306 3365">
    <p class='ocr_par' dir='ltr' id='par_1_10' title="bbox 758 2966 2305 3342">
     <span class='ocr_line' id='line_1_26' title="bbox 804 2966 2305 3060; baseline -0.005 -24"><span class='ocrx_word' id='word_1_157' title='bbox 804 2987 1000 3060; x_wconf 86' lang='lat' dir='ltr'>potes</span> <span class='ocrx_word' id='word_1_158' title='bbox 1042 2973 1356 3036; x_wconf 86' lang='lat' dir='ltr'>denarios</span> <span class='ocrx_word' id='word_1_159' title='bbox 1380 2970 1638 3032; x_wconf 90' lang='lat' dir='ltr'>Tiberii</span> <span class='ocrx_word' id='word_1_160' title='bbox 1667 2988 1906 3031; x_wconf 85' lang='lat' dir='ltr'>aureos</span> <span class='ocrx_word' id='word_1_161' title='bbox 1942 2966 2051 3028; x_wconf 90' lang='lat' dir='ltr'>vel</span> <span class='ocrx_word' id='word_1_162' title='bbox 2074 2987 2305 3050; x_wconf 84' lang='lat' dir='ltr'>argen-</span> 
     </span>
     <span class='ocr_line' id='line_1_27' title="bbox 804 3062 2304 3152; baseline -0.005 -21"><span class='ocrx_word' id='word_1_163' title='bbox 804 3080 952 3132; x_wconf 86' lang='lat' dir='ltr'>teos</span> <span class='ocrx_word' id='word_1_164' title='bbox 985 3068 1260 3152; x_wconf 84' lang='lat' dir='ltr'>perinde</span> <span class='ocrx_word' id='word_1_165' title='bbox 1290 3084 1525 3142; x_wconf 62' lang='grc' dir='ltr'>κει-οε,</span> <span class='ocrx_word' id='word_1_166' title='bbox 1591 3082 1671 3126; x_wconf 85' lang='lat' dir='ltr'>ae</span> <span class='ocrx_word' id='word_1_167' title='bbox 1730 3062 1974 3126; x_wconf 85' lang='lat' dir='ltr'>obvios</span> <span class='ocrx_word' id='word_1_168' title='bbox 2035 3062 2304 3135; x_wconf 79' lang='lat' dir='ltr'>dicere3</span> 
     </span>
     <span class='ocr_line' id='line_1_28' title="bbox 804 3153 2306 3242; baseline -0.004 -18"><span class='ocrx_word' id='word_1_169' title='bbox 804 3161 1018 3239; x_wconf 76' lang='lat' dir='ltr'>istud,</span> <span class='ocrx_word' id='word_1_170' title='bbox 1063 3162 1225 3242; x_wconf 89' lang='lat' dir='ltr'>quia</span> <span class='ocrx_word' id='word_1_171' title='bbox 1259 3180 1410 3223; x_wconf 90' lang='lat' dir='ltr'>cum</span> <span class='ocrx_word' id='word_1_172' title='bbox 1447 3153 1578 3222; x_wconf 85' lang='lat' dir='ltr'>hac</span> <span class='ocrx_word' id='word_1_173' title='bbox 1619 3156 2027 3242; x_wconf 87' lang='lat' dir='ltr'>epigraphe,</span> <span class='ocrx_word' id='word_1_174' title='bbox 2081 3168 2152 3219; x_wconf 85' lang='lat' dir='ltr'>et</span> <span class='ocrx_word' id='word_1_175' title='bbox 2203 3169 2306 3240; x_wconf 79' lang='lat' dir='ltr'>ty·</span> 
     </span>
     <span class='ocr_line' id='line_1_29' title="bbox 758 3249 2305 3365; baseline -0.004 -46"><span class='ocrx_word' id='word_1_176' title='bbox 758 3295 771 3304; x_wconf 79' lang='grc'>-</span> <span class='ocrx_word' id='word_1_177' title='bbox 803 3276 919 3365; x_wconf 45' lang='lat' dir='ltr'>po·</span> <span class='ocrx_word' id='word_1_178' title='bbox 932 3258 1161 3340; x_wconf 79' lang='lat' dir='ltr'>ingens</span> <span class='ocrx_word' id='word_1_179' title='bbox 1213 3273 1448 3317; x_wconf 78' lang='lat' dir='ltr'>eorum</span> <span class='ocrx_word' id='word_1_180' title='bbox 1509 3253 1614 3318; x_wconf 79' lang='lat' dir='ltr'>vis</span> <span class='ocrx_word' id='word_1_181' title='bbox 1677 3249 1999 3337; x_wconf 77' lang='lat' dir='ltr'>superest,</span> <span class='ocrx_word' id='word_1_182' title='bbox 2083 3249 2305 3329; x_wconf 89' lang='lat' dir='ltr'>illud,</span> 
     </span>
    </p>
   </div>
   <div class='ocr_carea' id='block_1_10' title="bbox 2382 988 3892 2059">
    <p class='ocr_par' dir='ltr' id='par_1_11' title="bbox 2382 988 3892 2059">
     <span class='ocr_line' id='line_1_30' title="bbox 2399 988 3892 1077; baseline 0.005 -23"><span class='ocrx_word' id='word_1_183' title='bbox 2399 988 2406 999; x_wconf 89' lang='lat'>&#39;</span> <span class='ocrx_word' id='word_1_184' title='bbox 2480 993 2839 1055; x_wconf 85' lang='lat' dir='ltr'>Mulierem</span> <span class='ocrx_word' id='word_1_185' title='bbox 2905 990 3237 1055; x_wconf 86' lang='lat' dir='ltr'>sedentem</span> <span class='ocrx_word' id='word_1_186' title='bbox 3331 995 3550 1077; x_wconf 78' lang='lat' dir='ltr'>partie</span> <span class='ocrx_word' id='word_1_187' title='bbox 3611 998 3892 1061; x_wconf 81' lang='lat' dir='ltr'>aversae</span> 
     </span>
     <span class='ocr_line' id='line_1_31' title="bbox 2386 1085 3884 1170; baseline 0.005 -22"><span class='ocrx_word' id='word_1_188' title='bbox 2386 1087 2571 1163; x_wconf 87' lang='lat' dir='ltr'>sunt,</span> <span class='ocrx_word' id='word_1_189' title='bbox 2625 1088 2740 1170; x_wconf 88' lang='lat' dir='ltr'>qui</span> <span class='ocrx_word' id='word_1_190' title='bbox 2821 1085 3064 1149; x_wconf 81' lang='lat' dir='ltr'>Iuliam</span> <span class='ocrx_word' id='word_1_191' title='bbox 3144 1097 3429 1150; x_wconf 87' lang='lat' dir='ltr'>matrem</span> <span class='ocrx_word' id='word_1_192' title='bbox 3491 1089 3884 1160; x_wconf 80' lang='lat' dir='ltr'>existiment.</span> 
     </span>
     <span class='ocr_line' id='line_1_32' title="bbox 2387 1179 3890 1267; baseline 0.004 -24"><span class='ocrx_word' id='word_1_193' title='bbox 2387 1182 2450 1243; x_wconf 90' lang='lat' dir='ltr'>N</span> <span class='ocrx_word' id='word_1_194' title='bbox 2458 1201 2542 1243; x_wconf 90' lang='lat' dir='ltr'>on</span> <span class='ocrx_word' id='word_1_195' title='bbox 2575 1183 2806 1263; x_wconf 87' lang='lat' dir='ltr'>credo,</span> <span class='ocrx_word' id='word_1_196' title='bbox 2857 1179 3235 1264; x_wconf 84' lang='lat' dir='ltr'>Tiberium,</span> <span class='ocrx_word' id='word_1_197' title='bbox 3283 1181 3422 1265; x_wconf 88' lang='lat' dir='ltr'>qui</span> <span class='ocrx_word' id='word_1_198' title='bbox 3428 1184 3719 1267; x_wconf 78' lang='lat' dir='ltr'>publicis</span> <span class='ocrx_word' id='word_1_199' title='bbox 3748 1207 3890 1249; x_wconf 88' lang='lat' dir='ltr'>ma-</span> 
     </span>
     <span class='ocr_line' id='line_1_33' title="bbox 2389 1274 3889 1359; baseline 0.004 -22"><span class='ocrx_word' id='word_1_200' title='bbox 2389 1277 2509 1338; x_wconf 80' lang='lat' dir='ltr'>tris</span> <span class='ocrx_word' id='word_1_201' title='bbox 2554 1276 2926 1339; x_wconf 84' lang='lat' dir='ltr'>honoribus</span> <span class='ocrx_word' id='word_1_202' title='bbox 2957 1275 3189 1358; x_wconf 88' lang='lat' dir='ltr'>palam</span> <span class='ocrx_word' id='word_1_203' title='bbox 3224 1274 3480 1359; x_wconf 81' lang='lat' dir='ltr'>semper</span> <span class='ocrx_word' id='word_1_204' title='bbox 3511 1276 3600 1341; x_wconf 82' lang='lat' dir='ltr'>est</span> <span class='ocrx_word' id='word_1_205' title='bbox 3637 1280 3889 1343; x_wconf 83' lang='lat' dir='ltr'>adver-</span> 
     </span>
     <span class='ocr_line' id='line_1_34' title="bbox 2389 1368 3891 1447; baseline 0.004 -16"><span class='ocrx_word' id='word_1_206' title='bbox 2389 1368 2603 1447; x_wconf 71' lang='lat' dir='ltr'>satuS,</span> <span class='ocrx_word' id='word_1_207' title='bbox 2655 1370 2932 1433; x_wconf 80' lang='lat' dir='ltr'>voluiss&#39;e</span> <span class='ocrx_word' id='word_1_208' title='bbox 2968 1368 3083 1432; x_wconf 82' lang='lat' dir='ltr'>fibi</span> <span class='ocrx_word' id='word_1_209' title='bbox 3148 1383 3432 1433; x_wconf 83' lang='lat' dir='ltr'>matrem</span> <span class='ocrx_word' id='word_1_210' title='bbox 3488 1372 3556 1434; x_wconf 89' lang='lat' dir='ltr'>in</span> <span class='ocrx_word' id='word_1_211' title='bbox 3609 1387 3891 1437; x_wconf 80' lang='lat' dir='ltr'>moneta</span> 
     </span>
     <span class='ocr_line' id='line_1_35' title="bbox 2389 1462 3888 1551; baseline 0.003 -25"><span class='ocrx_word' id='word_1_212' title='bbox 2389 1464 2504 1526; x_wconf 87' lang='lat' dir='ltr'>sua</span> <span class='ocrx_word' id='word_1_213' title='bbox 2545 1465 2809 1526; x_wconf 84' lang='lat' dir='ltr'>sociari.</span> <span class='ocrx_word' id='word_1_214' title='bbox 2855 1464 3016 1527; x_wconf 71' lang='lat' dir='ltr'>.‘Ad</span> <span class='ocrx_word' id='word_1_215' title='bbox 3049 1462 3220 1527; x_wconf 87' lang='lat' dir='ltr'>haec</span> <span class='ocrx_word' id='word_1_216' title='bbox 3257 1466 3422 1548; x_wconf 89' lang='lat' dir='ltr'>quid</span> <span class='ocrx_word' id='word_1_217' title='bbox 3458 1467 3694 1529; x_wconf 86' lang='lat' dir='ltr'>addita</span> <span class='ocrx_word' id='word_1_218' title='bbox 3716 1488 3888 1551; x_wconf 74' lang='lat' dir='ltr'>pon·</span> 
     </span>
     <span class='ocr_line' id='line_1_36' title="bbox 2388 1558 3886 1644; baseline 0.001 -23"><span class='ocrx_word' id='word_1_219' title='bbox 2388 1561 2572 1644; x_wconf 73' lang='lat' dir='ltr'>t‘ficis</span> <span class='ocrx_word' id='word_1_220' title='bbox 2627 1558 2891 1623; x_wconf 70' lang='lat' dir='ltr'>maximi</span> <span class='ocrx_word' id='word_1_221' title='bbox 2973 1558 3354 1643; x_wconf 86' lang='lat' dir='ltr'>epigraphe·</span> <span class='ocrx_word' id='word_1_222' title='bbox 3426 1562 3512 1622; x_wconf 87' lang='lat' dir='ltr'>ad</span> <span class='ocrx_word' id='word_1_223' title='bbox 3582 1561 3886 1623; x_wconf 66' lang='lat' dir='ltr'>Iuliam?</span> 
     </span>
     <span class='ocr_line' id='line_1_37' title="bbox 2390 1649 3892 1738; baseline 0.003 -24"><span class='ocrx_word' id='word_1_224' title='bbox 2390 1653 2629 1714; x_wconf 84' lang='lat' dir='ltr'>Verius</span> <span class='ocrx_word' id='word_1_225' title='bbox 2659 1655 2863 1737; x_wconf 80' lang='lat' dir='ltr'>igitur</span> <span class='ocrx_word' id='word_1_226' title='bbox 2893 1649 2983 1713; x_wconf 82' lang='lat' dir='ltr'>est</span> <span class='ocrx_word' id='word_1_227' title='bbox 3026 1652 3403 1733; x_wconf 83' lang='lat' dir='ltr'>symbolica</span> <span class='ocrx_word' id='word_1_228' title='bbox 3456 1654 3892 1738; x_wconf 77' lang='lat' dir='ltr'>pontificatus</span> 
     </span>
     <span class='ocr_line' id='line_1_38' title="bbox 2390 1745 3885 1831; baseline 0.003 -23"><span class='ocrx_word' id='word_1_229' title='bbox 2390 1748 2534 1828; x_wconf 83' lang='lat' dir='ltr'>ejus</span> <span class='ocrx_word' id='word_1_230' title='bbox 2578 1748 2847 1831; x_wconf 86' lang='lat' dir='ltr'>imago,</span> <span class='ocrx_word' id='word_1_231' title='bbox 2901 1766 3075 1830; x_wconf 86' lang='lat' dir='ltr'>quae</span> <span class='ocrx_word' id='word_1_232' title='bbox 3105 1766 3367 1809; x_wconf 85' lang='lat' dir='ltr'>ramum</span> <span class='ocrx_word' id='word_1_233' title='bbox 3420 1745 3752 1812; x_wconf 77' lang='lat' dir='ltr'>lustralem</span> <span class='ocrx_word' id='word_1_234' title='bbox 3811 1771 3885 1813; x_wconf 84' lang='lat' dir='ltr'>e·</span> 
     </span>
     <span class='ocr_line' id='line_1_39' title="bbox 2382 1838 3837 1925; baseline 0.003 -23"><span class='ocrx_word' id='word_1_235' title='bbox 2382 1843 2489 1922; x_wconf 76' lang='lat' dir='ltr'>jue</span> <span class='ocrx_word' id='word_1_236' title='bbox 2523 1843 2813 1904; x_wconf 81' lang='lat' dir='ltr'>muneris</span> <span class='ocrx_word' id='word_1_237' title='bbox 2844 1838 3235 1903; x_wconf 75' lang='lat' dir='ltr'>attributum</span> <span class='ocrx_word' id='word_1_238' title='bbox 3283 1860 3483 1904; x_wconf 87' lang='lat' dir='ltr'>manu</span> <span class='ocrx_word' id='word_1_239' title='bbox 3520 1843 3837 1925; x_wconf 81' lang='lat' dir='ltr'>praefert.</span> 
     </span>
     <span class='ocr_line' id='line_1_40' title="bbox 2485 1933 3720 2019; baseline 0.003 -21"><span class='ocrx_word' id='word_1_240' title='bbox 2485 1936 2781 2001; x_wconf 71' lang='lat' dir='ltr'>Numam</span> <span class='ocrx_word' id='word_1_241' title='bbox 2825 1935 3002 1998; x_wconf 82' lang='lat' dir='ltr'>hune</span> <span class='ocrx_word' id='word_1_242' title='bbox 3037 1933 3316 1997; x_wconf 79' lang='lat' dir='ltr'>restituit</span> <span class='ocrx_word' id='word_1_243' title='bbox 3362 1937 3720 2019; x_wconf 78' lang='lat' dir='ltr'>Trajanus.</span> 
     </span>
     <span class='ocr_line' id='line_1_41' title="bbox 3118 2028 3147 2059; baseline 0 0"><span class='ocrx_word' id='word_1_244' title='bbox 3118 2028 3147 2059; x_wconf 54' lang='grc'><strong><em>4</em></strong></span> 
     </span>
    </p>
   </div>
   <div class='ocr_carea' id='block_1_11' title="bbox 2381 2080 3896 2817">
    <p class='ocr_par' dir='ltr' id='par_1_12' title="bbox 2381 2080 3896 2817">
     <span class='ocr_line' id='line_1_42' title="bbox 2578 2080 3896 2212; baseline 0.005 -25"><span class='ocrx_word' id='word_1_245' title='bbox 2578 2123 2700 2188; x_wconf 84' lang='lat' dir='ltr'><strong>TI.</strong></span> <span class='ocrx_word' id='word_1_246' title='bbox 2743 2080 2971 2188; x_wconf 64' lang='lat' dir='ltr'>D1v1‘f</span> <span class='ocrx_word' id='word_1_247' title='bbox 3010 2127 3085 2187; x_wconf 87' lang='lat' dir='ltr'><strong>F.</strong></span> <span class='ocrx_word' id='word_1_248' title='bbox 3144 2083 3643 2191; x_wconf 68' lang='lat' dir='ltr'>Avc&#39;ivsws,</span> <span class='ocrx_word' id='word_1_249' title='bbox 3692 2127 3896 2212; x_wconf 71' lang='lat' dir='ltr'>caput</span> 
     </span>
     <span class='ocr_line' id='line_1_43' title="bbox 2677 2218 3045 2284; baseline -0.005 0"><span class='ocrx_word' id='word_1_250' title='bbox 2677 2218 3045 2284; x_wconf 74' lang='lat' dir='ltr'>laureatum.</span> 
     </span>
     <span class='ocr_line' id='line_1_44' title="bbox 2388 2312 3893 2406; baseline 0.004 -30"><span class='ocrx_word' id='word_1_251' title='bbox 2388 2314 2538 2377; x_wconf 83' lang='lat' dir='ltr'><strong>TR.</strong></span> <span class='ocrx_word' id='word_1_252' title='bbox 2567 2312 2777 2375; x_wconf 86' lang='lat' dir='ltr'><strong>POT.</strong></span> <span class='ocrx_word' id='word_1_253' title='bbox 2815 2314 3029 2377; x_wconf 88' lang='lat' dir='ltr'><strong>XVII.</strong></span> <span class='ocrx_word' id='word_1_254' title='bbox 3089 2315 3383 2379; x_wconf 72' lang='lat' dir='ltr'>Victoria</span> <span class='ocrx_word' id='word_1_255' title='bbox 3412 2314 3602 2397; x_wconf 76' lang='lat' dir='ltr'>globo</span> <span class='ocrx_word' id='word_1_256' title='bbox 3633 2316 3893 2406; x_wconf 67' lang='lat' dir='ltr'>inficiens</span> 
     </span>
     <span class='ocr_line' id='line_1_45' title="bbox 2389 2407 3400 2491; baseline 0.006 -23"><span class='ocrx_word' id='word_1_257' title='bbox 2389 2407 2665 2475; x_wconf 54' lang='lat' dir='ltr'>tauream</span> <span class='ocrx_word' id='word_1_258' title='bbox 2703 2414 2940 2491; x_wconf 23' lang='lat' dir='ltr'>aptat..</span> <span class='ocrx_word' id='word_1_259' title='bbox 3008 2407 3210 2489; x_wconf 86' lang='lat' dir='ltr'>Quin.</span> <span class='ocrx_word' id='word_1_260' title='bbox 3262 2412 3400 2474; x_wconf 89' lang='lat' dir='ltr'>AV.</span> 
     </span>
     <span class='ocr_line' id='line_1_46' title="bbox 2405 2492 3888 2583; baseline 0.003 -19"><span class='ocrx_word' id='word_1_261' title='bbox 2405 2492 2418 2503; x_wconf 81' lang='grc'>’</span> <span class='ocrx_word' id='word_1_262' title='bbox 2483 2502 2674 2564; x_wconf 87' lang='lat' dir='ltr'>Haec</span> <span class='ocrx_word' id='word_1_263' title='bbox 2741 2503 3202 2583; x_wconf 78' lang='lat' dir='ltr'>quinariorum</span> <span class='ocrx_word' id='word_1_264' title='bbox 3292 2520 3654 2566; x_wconf 85' lang='lat' dir='ltr'>aureorum</span> <span class='ocrx_word' id='word_1_265' title='bbox 3709 2506 3888 2570; x_wconf 77' lang='lat' dir='ltr'>ratio</span> 
     </span>
     <span class='ocr_line' id='line_1_47' title="bbox 2381 2593 3887 2682; baseline 0.005 -27"><span class='ocrx_word' id='word_1_266' title='bbox 2381 2597 2522 2674; x_wconf 82' lang='lat' dir='ltr'>jam</span> <span class='ocrx_word' id='word_1_267' title='bbox 2558 2595 2784 2677; x_wconf 86' lang='lat' dir='ltr'>eoepit</span> <span class='ocrx_word' id='word_1_268' title='bbox 2830 2593 2943 2657; x_wconf 89' lang='lat' dir='ltr'>sub</span> <span class='ocrx_word' id='word_1_269' title='bbox 2994 2593 3283 2682; x_wconf 81' lang='lat' dir='ltr'>Augusto</span> <span class='ocrx_word' id='word_1_270' title='bbox 3313 2638 3334 2672; x_wconf 89' lang='lat'>,</span> <span class='ocrx_word' id='word_1_271' title='bbox 3395 2609 3464 2659; x_wconf 90' lang='lat' dir='ltr'>et</span> <span class='ocrx_word' id='word_1_272' title='bbox 3499 2618 3623 2682; x_wconf 87' lang='lat' dir='ltr'>per</span> <span class='ocrx_word' id='word_1_273' title='bbox 3670 2610 3887 2663; x_wconf 73' lang='lat' dir='ltr'>totum</span> 
     </span>
     <span class='ocr_line' id='line_1_48' title="bbox 2388 2688 3462 2817; baseline 0.006 -67"><span class='ocrx_word' id='word_1_274' title='bbox 2388 2688 2649 2751; x_wconf 82' lang='lat' dir='ltr'>Tiberii</span> <span class='ocrx_word' id='word_1_275' title='bbox 2685 2689 3039 2774; x_wconf 87' lang='lat' dir='ltr'>imperium</span> <span class='ocrx_word' id='word_1_276' title='bbox 3077 2691 3462 2817; x_wconf 68' lang='lat' dir='ltr'>pprrigitur.</span> 
     </span>
    </p>
   </div>
   <div class='ocr_carea' id='block_1_12' title="bbox 2390 2825 3890 3348">
    <p class='ocr_par' dir='ltr' id='par_1_13' title="bbox 2390 2825 3889 3341">
     <span class='ocr_line' id='line_1_49' title="bbox 2671 2825 3885 2944; baseline 0.004 -6"><span class='ocrx_word' id='word_1_277' title='bbox 2671 2847 2797 2940; x_wconf 71' lang='lat' dir='ltr'>Ti.</span> <span class='ocrx_word' id='word_1_278' title='bbox 2841 2834 3209 2944; x_wconf 70' lang='lat' dir='ltr'><strong>cA&#39;EsAR.</strong></span> <span class='ocrx_word' id='word_1_279' title='bbox 3262 2834 3481 2944; x_wconf 69' lang='lat' dir='ltr'><strong>131v1.</strong></span> <span class='ocrx_word' id='word_1_280' title='bbox 3549 2877 3757 2943; x_wconf 84' lang='lat' dir='ltr'><strong>AVG.</strong></span> <span class='ocrx_word' id='word_1_281' title='bbox 3807 2825 3885 2943; x_wconf 58' lang='grc' dir='ltr'><strong>ἐπ’.</strong></span> 
     </span>
     <span class='ocr_line' id='line_1_50' title="bbox 2679 2969 3885 3058; baseline 0.006 -25"><span class='ocrx_word' id='word_1_282' title='bbox 2679 2969 3066 3036; x_wconf 80' lang='lat' dir='ltr'><strong>AvasT.</strong></span> <span class='ocrx_word' id='word_1_283' title='bbox 3106 2972 3294 3036; x_wconf 79' lang='lat' dir='ltr'><strong>IMP.</strong></span> <span class='ocrx_word' id='word_1_284' title='bbox 3329 2974 3482 3037; x_wconf 84' lang='lat' dir='ltr'>vn.</span> <span class='ocrx_word' id='word_1_285' title='bbox 3538 2974 3739 3058; x_wconf 65' lang='lat' dir='ltr'>Caput</span> <span class='ocrx_word' id='word_1_286' title='bbox 3772 2992 3885 3040; x_wconf 68' lang='lat' dir='ltr'>nu-</span> 
     </span>
     <span class='ocr_line' id='line_1_51' title="bbox 2390 3064 3890 3226; baseline 0.002 -5"><span class='ocrx_word' id='word_1_287' title='bbox 2390 3064 3107 3222; x_wconf 51' lang='lat' dir='ltr'><strong>PONTIssmlelAXIM.</strong></span> <span class='ocrx_word' id='word_1_288' title='bbox 3131 3161 3500 3226; x_wconf 83' lang='lat' dir='ltr'><strong>TRIBVN.</strong></span> <span class='ocrx_word' id='word_1_289' title='bbox 3515 3160 3890 3226; x_wconf 83' lang='lat' dir='ltr'><strong>POTEST.</strong></span> 
     </span>
     <span class='ocr_line' id='line_1_52' title="bbox 2390 3252 3889 3348; baseline 0.002 -33"><span class='ocrx_word' id='word_1_290' title='bbox 2390 3252 2603 3316; x_wconf 83' lang='lat' dir='ltr'><strong>XVII.</strong></span> <span class='ocrx_word' id='word_1_291' title='bbox 2649 3252 2716 3315; x_wconf 89' lang='lat' dir='ltr'><strong>S.</strong></span> <span class='ocrx_word' id='word_1_292' title='bbox 2758 3252 2834 3315; x_wconf 90' lang='lat' dir='ltr'>C.</span> <span class='ocrx_word' id='word_1_293' title='bbox 2872 3254 3109 3319; x_wconf 77' lang='lat' dir='ltr'>Mulier</span> <span class='ocrx_word' id='word_1_294' title='bbox 3145 3260 3342 3348; x_wconf 72' lang='lat' dir='ltr'>capite</span> <span class='ocrx_word' id='word_1_295' title='bbox 3363 3255 3564 3320; x_wconf 81' lang='lat' dir='ltr'>velato</span> <span class='ocrx_word' id='word_1_296' title='bbox 3578 3255 3793 3341; x_wconf 65' lang='lat' dir='ltr'>sedem</span> <span class='ocrx_word' id='word_1_297' title='bbox 3824 3257 3889 3318; x_wconf 71' lang='lat' dir='ltr'>d.</span> 
     </span>
    </p>
   </div>
   <div class='ocr_carea' id='block_1_13' title="bbox 808 3331 3892 3435">
    <p class='ocr_par' dir='ltr' id='par_1_14' title="bbox 808 3331 3892 3435">
     <span class='ocr_line' id='line_1_53' title="bbox 808 3331 3892 3435; baseline -0.001 -21"><span class='ocrx_word' id='word_1_298' title='bbox 808 3351 971 3434; x_wconf 84' lang='lat' dir='ltr'>quia</span> <span class='ocrx_word' id='word_1_299' title='bbox 1011 3369 1162 3414; x_wconf 84' lang='lat' dir='ltr'>cum</span> <span class='ocrx_word' id='word_1_300' title='bbox 1217 3349 1355 3412; x_wconf 89' lang='lat' dir='ltr'>alio</span> <span class='ocrx_word' id='word_1_301' title='bbox 1408 3361 1577 3432; x_wconf 81' lang='lat' dir='ltr'>typo</span> <span class='ocrx_word' id='word_1_302' title='bbox 1656 3348 1782 3410; x_wconf 77' lang='lat' dir='ltr'>vix</span> <span class='ocrx_word' id='word_1_303' title='bbox 1861 3345 1978 3408; x_wconf 87' lang='lat' dir='ltr'>alii</span> <span class='ocrx_word' id='word_1_304' title='bbox 2031 3343 2305 3408; x_wconf 84' lang='lat' dir='ltr'>exstant.</span> <span class='ocrx_word' id='word_1_305' title='bbox 2381 3355 2714 3431; x_wconf 77' lang='lat' dir='ltr'>pateram,</span> <span class='ocrx_word' id='word_1_306' title='bbox 2746 3350 2806 3433; x_wconf 91' lang='lat' dir='ltr'><strong>s.</strong></span> <span class='ocrx_word' id='word_1_307' title='bbox 2835 3344 3088 3435; x_wconf 74' lang='lat' dir='ltr'>hastam.</span> <span class='ocrx_word' id='word_1_308' title='bbox 3188 3331 3328 3414; x_wconf 62' lang='lat' dir='ltr'><strong>[AE.</strong></span> <span class='ocrx_word' id='word_1_309' title='bbox 3351 3355 3430 3413; x_wconf 88' lang='lat'><strong>11.</strong></span> <span class='ocrx_word' id='word_1_310' title='bbox 3454 3349 3659 3434; x_wconf 86' lang='lat' dir='ltr'><strong>(Mus.</strong></span> <span class='ocrx_word' id='word_1_311' title='bbox 3678 3348 3892 3423; x_wconf 66' lang='lat' dir='ltr'>Caes.)</span> 
     </span>
    </p>
   </div>
   <div class='ocr_carea' id='block_1_14' title="bbox 792 3438 2310 3810">
    <p class='ocr_par' dir='ltr' id='par_1_15' title="bbox 792 3438 2307 3810">
     <span class='ocr_line' id='line_1_54' title="bbox 806 3438 2307 3510; baseline -0.004 -1"><span class='ocrx_word' id='word_1_312' title='bbox 806 3445 1100 3510; x_wconf 78' lang='lat' dir='ltr'>Immota</span> <span class='ocrx_word' id='word_1_313' title='bbox 1147 3443 1318 3506; x_wconf 86' lang='lat' dir='ltr'>haec</span> <span class='ocrx_word' id='word_1_314' title='bbox 1370 3452 1683 3505; x_wconf 85' lang='lat' dir='ltr'>monetae</span> <span class='ocrx_word' id='word_1_315' title='bbox 1743 3438 2155 3503; x_wconf 86' lang='lat' dir='ltr'>Tiberianae</span> <span class='ocrx_word' id='word_1_316' title='bbox 2194 3439 2307 3503; x_wconf 82' lang='lat' dir='ltr'>lex</span> 
     </span>
     <span class='ocr_line' id='line_1_55' title="bbox 792 3532 2306 3625; baseline -0.007 -20"><span class='ocrx_word' id='word_1_317' title='bbox 792 3535 1007 3625; x_wconf 81' lang='lat' dir='ltr'>&#39;plane</span> <span class='ocrx_word' id='word_1_318' title='bbox 1045 3560 1132 3603; x_wconf 83' lang='lat' dir='ltr'>ex</span> <span class='ocrx_word' id='word_1_319' title='bbox 1171 3538 1445 3601; x_wconf 85' lang='lat' dir='ltr'>Tiberii</span> <span class='ocrx_word' id='word_1_320' title='bbox 1483 3535 1752 3619; x_wconf 85' lang='lat' dir='ltr'>ingenio</span> <span class='ocrx_word' id='word_1_321' title='bbox 1792 3532 1924 3596; x_wconf 83' lang='lat' dir='ltr'>fuit</span> <span class='ocrx_word' id='word_1_322' title='bbox 1971 3534 2142 3596; x_wconf 82' lang='lat' dir='ltr'>nihil</span> <span class='ocrx_word' id='word_1_323' title='bbox 2187 3534 2306 3595; x_wconf 89' lang='lat' dir='ltr'>im-</span> 
     </span>
     <span class='ocr_line' id='line_1_56' title="bbox 806 3629 2307 3719; baseline -0.006 -19"><span class='ocrx_word' id='word_1_324' title='bbox 806 3649 1069 3699; x_wconf 90' lang='lat' dir='ltr'>mutare</span> <span class='ocrx_word' id='word_1_325' title='bbox 1098 3633 1470 3719; x_wconf 72' lang='lat' dir='ltr'>cupientia,</span> <span class='ocrx_word' id='word_1_326' title='bbox 1520 3630 1876 3710; x_wconf 87' lang='lat' dir='ltr'>nimirum,</span> <span class='ocrx_word' id='word_1_327' title='bbox 1926 3641 2001 3692; x_wconf 89' lang='lat' dir='ltr'>ut</span> <span class='ocrx_word' id='word_1_328' title='bbox 2037 3629 2133 3691; x_wconf 90' lang='lat' dir='ltr'>ait</span> <span class='ocrx_word' id='word_1_329' title='bbox 2167 3630 2307 3691; x_wconf 89' lang='lat' dir='ltr'>Ta-</span> 
     </span>
     <span class='ocr_line' id='line_1_57' title="bbox 810 3718 2310 3810; baseline -0.006 -18"><span class='ocrx_word' id='word_1_330' title='bbox 810 3731 1021 3793; x_wconf 76' lang='lat' dir='ltr'>citus.</span> <span class='ocrx_word' id='word_1_331' title='bbox 1075 3718 1143 3810; x_wconf 78' lang='grc' dir='ltr'>ι’)</span> <span class='ocrx_word' id='word_1_332' title='bbox 1196 3727 1406 3810; x_wconf 79' lang='lat' dir='ltr'>causae</span> <span class='ocrx_word' id='word_1_333' title='bbox 1435 3727 1653 3789; x_wconf 77' lang='lat' dir='ltr'>variae</span> <span class='ocrx_word' id='word_1_334' title='bbox 1677 3722 2023 3787; x_wconf 81' lang='lat' dir='ltr'>traduntur</span> <span class='ocrx_word' id='word_1_335' title='bbox 2070 3725 2310 3806; x_wconf 85' lang='lat' dir='ltr'>(impe</span> 
     </span>
    </p>
   </div>
   <div class='ocr_carea' id='block_1_15' title="bbox 792 3806 2316 3904">
    <p class='ocr_par' dir='ltr' id='par_1_16' title="bbox 792 3806 2316 3904">
     <span class='ocr_line' id='line_1_58' title="bbox 792 3806 2316 3904; baseline -0.007 -17"><span class='ocrx_word' id='word_1_336' title='bbox 792 3819 1060 3887; x_wconf 78' lang='lat' dir='ltr'>&#39;riorum</span> <span class='ocrx_word' id='word_1_337' title='bbox 1132 3823 1201 3888; x_wconf 85' lang='lat' dir='ltr'>in</span> <span class='ocrx_word' id='word_1_338' title='bbox 1269 3813 1637 3904; x_wconf 82' lang='lat' dir='ltr'>provinciis</span> <span class='ocrx_word' id='word_1_339' title='bbox 1728 3806 2316 3902; x_wconf 82' lang='lat' dir='ltr'>continuatorum)</span> 
     </span>
    </p>
   </div>
   <div class='ocr_carea' id='block_1_16' title="bbox 808 3911 2313 4186">
    <p class='ocr_par' dir='ltr' id='par_1_17' title="bbox 808 3911 2311 4186">
     <span class='ocr_line' id='line_1_59' title="bbox 812 3911 2311 3998; baseline -0.005 -15"><span class='ocrx_word' id='word_1_340' title='bbox 812 3918 923 3983; x_wconf 73' lang='lat' dir='ltr'>aiii</span> <span class='ocrx_word' id='word_1_341' title='bbox 956 3916 1160 3983; x_wconf 74' lang='lat' dir='ltr'>taedio</span> <span class='ocrx_word' id='word_1_342' title='bbox 1206 3934 1401 3978; x_wconf 80' lang='lat' dir='ltr'>novae</span> <span class='ocrx_word' id='word_1_343' title='bbox 1434 3921 1655 3990; x_wconf 77' lang='lat' dir='ltr'>curae,</span> <span class='ocrx_word' id='word_1_344' title='bbox 1686 3911 1872 3998; x_wconf 78' lang='lat' dir='ltr'>semel</span> <span class='ocrx_word' id='word_1_345' title='bbox 1902 3911 2138 3996; x_wconf 78' lang='lat' dir='ltr'>placita</span> <span class='ocrx_word' id='word_1_346' title='bbox 2189 3934 2311 3995; x_wconf 81' lang='lat' dir='ltr'>pro</span> 
     </span>
     <span class='ocr_line' id='line_1_60' title="bbox 810 4005 2313 4120; baseline -0.005 -41"><span class='ocrx_word' id='word_1_347' title='bbox 810 4015 1078 4083; x_wconf 75' lang='lat' dir='ltr'>aeternis</span> <span class='ocrx_word' id='word_1_348' title='bbox 1102 4007 1445 4120; x_wconf 63' lang='lat' dir='ltr'>firvavff.</span> <span class='ocrx_word' id='word_1_349' title='bbox 1516 4007 1774 4070; x_wconf 87' lang='lat' dir='ltr'>Eadem</span> <span class='ocrx_word' id='word_1_350' title='bbox 1809 4005 2176 4070; x_wconf 82' lang='lat' dir='ltr'>constantia</span> <span class='ocrx_word' id='word_1_351' title='bbox 2195 4006 2313 4071; x_wconf 92' lang='lat' dir='ltr'>ob·</span> 
     </span>
     <span class='ocr_line' id='line_1_61' title="bbox 808 4101 2311 4186; baseline -0.006 -14"><span class='ocrx_word' id='word_1_352' title='bbox 808 4108 1106 4172; x_wconf 83' lang='lat' dir='ltr'>servatur</span> <span class='ocrx_word' id='word_1_353' title='bbox 1147 4108 1215 4169; x_wconf 89' lang='lat' dir='ltr'>in</span> <span class='ocrx_word' id='word_1_354' title='bbox 1263 4103 1583 4186; x_wconf 78' lang='lat' dir='ltr'>quinariis</span> <span class='ocrx_word' id='word_1_355' title='bbox 1660 4101 1889 4165; x_wconf 74' lang='lat' dir='ltr'>aureis</span> <span class='ocrx_word' id='word_1_356' title='bbox 1951 4113 2122 4186; x_wconf 83' lang='lat' dir='ltr'>typo</span> <span class='ocrx_word' id='word_1_357' title='bbox 2162 4120 2311 4184; x_wconf 77' lang='lat' dir='ltr'>per·</span> 
     </span>
    </p>
   </div>
   <div class='ocr_carea' id='block_1_17' title="bbox 809 4196 2314 4289">
    <p class='ocr_par' dir='ltr' id='par_1_18' title="bbox 809 4196 2314 4289">
     <span class='ocr_line' id='line_1_62' title="bbox 809 4196 2314 4289; baseline -0.005 -23"><span class='ocrx_word' id='word_1_358' title='bbox 809 4216 1014 4289; x_wconf 89' lang='lat' dir='ltr'>petuo</span> <span class='ocrx_word' id='word_1_359' title='bbox 1059 4200 1405 4266; x_wconf 87' lang='lat' dir='ltr'>Victoriae</span> <span class='ocrx_word' id='word_1_360' title='bbox 1442 4196 1750 4260; x_wconf 53' lang='lat' dir='ltr'>sedentia</span> <span class='ocrx_word' id='word_1_361' title='bbox 1854 4196 2170 4273; x_wconf 67' lang='lat' dir='ltr'>Maionia</span> <span class='ocrx_word' id='word_1_362' title='bbox 2201 4214 2314 4259; x_wconf 88' lang='lat' dir='ltr'>ae·</span> 
     </span>
    </p>
   </div>
   <div class='ocr_carea' id='block_1_18' title="bbox 804 4290 2313 4372">
    <p class='ocr_par' dir='ltr' id='par_1_19' title="bbox 804 4290 2313 4372">
     <span class='ocr_line' id='line_1_63' title="bbox 804 4290 2313 4372; baseline -0.005 -14"><span class='ocrx_word' id='word_1_363' title='bbox 804 4299 954 4360; x_wconf 69' lang='lat' dir='ltr'>meis</span> <span class='ocrx_word' id='word_1_364' title='bbox 996 4299 1294 4361; x_wconf 84' lang='lat' dir='ltr'>varietas</span> <span class='ocrx_word' id='word_1_365' title='bbox 1318 4341 1348 4372; x_wconf 64' lang='lat'>,„</span> <span class='ocrx_word' id='word_1_366' title='bbox 1389 4292 1498 4357; x_wconf 81' lang='lat' dir='ltr'>sed</span> <span class='ocrx_word' id='word_1_367' title='bbox 1518 4292 1829 4355; x_wconf 81' lang='lat' dir='ltr'>novimus</span> <span class='ocrx_word' id='word_1_368' title='bbox 1867 4290 2071 4354; x_wconf 85' lang='lat' dir='ltr'>etiam</span> <span class='ocrx_word' id='word_1_369' title='bbox 2099 4335 2121 4367; x_wconf 90' lang='lat'>‚</span> <span class='ocrx_word' id='word_1_370' title='bbox 2173 4307 2313 4351; x_wconf 84' lang='lat' dir='ltr'>mo·</span> 
     </span>
    </p>
   </div>
   <div class='ocr_carea' id='block_1_19' title="bbox 802 4428 1213 4446">
    <p class='ocr_par' dir='ltr' id='par_1_20' title="bbox 802 4428 1213 4446">
     <span class='ocr_line' id='line_1_64' title="bbox 802 4428 1213 4446; baseline 0 0"><span class='ocrx_word' id='word_1_371' title='bbox 802 4428 1213 4446; x_wconf 95' lang='lat' dir='ltr'> </span> 
     </span>
    </p>
   </div>
   <div class='ocr_carea' id='block_1_20' title="bbox 876 4463 2015 4572">
    <p class='ocr_par' dir='ltr' id='par_1_21' title="bbox 876 4463 2015 4572">
     <span class='ocr_line' id='line_1_65' title="bbox 876 4463 2015 4572; baseline -0.006 -19"><span class='ocrx_word' id='word_1_372' title='bbox 876 4499 935 4563; x_wconf 75' lang='lat' dir='ltr'>a)</span> <span class='ocrx_word' id='word_1_373' title='bbox 970 4497 1192 4565; x_wconf 76' lang='lat' dir='ltr'>Foggini</span> <span class='ocrx_word' id='word_1_374' title='bbox 1225 4515 1289 4572; x_wconf 75' lang='lat' dir='ltr'>p.</span> <span class='ocrx_word' id='word_1_375' title='bbox 1327 4463 1416 4563; x_wconf 21' lang='grc' dir='ltr'><strong>πλε.</strong></span> <span class='ocrx_word' id='word_1_376' title='bbox 1553 4494 1612 4560; x_wconf 88' lang='lat' dir='ltr'>b)</span> <span class='ocrx_word' id='word_1_377' title='bbox 1653 4497 1801 4549; x_wconf 80' lang='lat' dir='ltr'>Anu.</span> <span class='ocrx_word' id='word_1_378' title='bbox 1838 4494 1886 4553; x_wconf 82' lang='lat'>1.</span> <span class='ocrx_word' id='word_1_379' title='bbox 1923 4506 2015 4558; x_wconf 78' lang='lat'><strong>80.</strong></span> 
     </span>
    </p>
   </div>
   <div class='ocr_carea' id='block_1_21' title="bbox 2393 3439 3890 3714">
    <p class='ocr_par' dir='ltr' id='par_1_22' title="bbox 2393 3439 3890 3714">
     <span class='ocr_line' id='line_1_66' title="bbox 2487 3439 3890 3529; baseline 0.001 -27"><span class='ocrx_word' id='word_1_380' title='bbox 2487 3442 2593 3502; x_wconf 89' lang='lat' dir='ltr'>De</span> <span class='ocrx_word' id='word_1_381' title='bbox 2640 3439 2817 3527; x_wconf 80' lang='lat' dir='ltr'>ligno</span> <span class='ocrx_word' id='word_1_382' title='bbox 2856 3444 3176 3518; x_wconf 85' lang='lat' dir='ltr'>aversae,</span> <span class='ocrx_word' id='word_1_383' title='bbox 3246 3463 3379 3529; x_wconf 88' lang='lat' dir='ltr'>quo</span> <span class='ocrx_word' id='word_1_384' title='bbox 3438 3445 3622 3507; x_wconf 85' lang='lat' dir='ltr'>haud</span> <span class='ocrx_word' id='word_1_385' title='bbox 3691 3442 3890 3505; x_wconf 86' lang='lat' dir='ltr'>dubie</span> 
     </span>
     <span class='ocr_line' id='line_1_67' title="bbox 2393 3535 3296 3646; baseline 0.002 -47"><span class='ocrx_word' id='word_1_386' title='bbox 2393 3535 2566 3599; x_wconf 88' lang='lat' dir='ltr'>Iulia</span> <span class='ocrx_word' id='word_1_387' title='bbox 2604 3549 2822 3599; x_wconf 88' lang='lat' dir='ltr'>mater</span> <span class='ocrx_word' id='word_1_388' title='bbox 2849 3537 3250 3646; x_wconf 84' lang='lat' dir='ltr'>proponitur</span> <span class='ocrx_word' id='word_1_389' title='bbox 3276 3585 3296 3618; x_wconf 88' lang='lat'>,</span> 
     </span>
     <span class='ocr_line' id='line_1_68' title="bbox 2393 3632 2949 3714; baseline 0.002 -21"><span class='ocrx_word' id='word_1_390' title='bbox 2393 3632 2463 3693; x_wconf 79' lang='lat' dir='ltr'>in</span> <span class='ocrx_word' id='word_1_391' title='bbox 2518 3636 2660 3714; x_wconf 81' lang='lat' dir='ltr'>ejus</span> <span class='ocrx_word' id='word_1_392' title='bbox 2708 3633 2949 3694; x_wconf 73' lang='lat' dir='ltr'>numiS.</span> 
     </span>
    </p>
   </div>
   <div class='ocr_carea' id='block_1_22' title="bbox 3394 3536 3891 3622">
    <p class='ocr_par' dir='ltr' id='par_1_23' title="bbox 3394 3536 3891 3622">
     <span class='ocr_line' id='line_1_69' title="bbox 3394 3536 3891 3622; baseline -0.002 -21"><span class='ocrx_word' id='word_1_393' title='bbox 3394 3551 3621 3606; x_wconf 81' lang='lat' dir='ltr'>actum</span> <span class='ocrx_word' id='word_1_394' title='bbox 3693 3536 3891 3622; x_wconf 85' lang='lat' dir='ltr'>supra</span> 
     </span>
    </p>
   </div>
   <div class='ocr_carea' id='block_1_23' title="bbox 2389 3773 3896 4171">
    <p class='ocr_par' dir='ltr' id='par_1_24' title="bbox 2389 3773 3873 4168">
     <span class='ocr_line' id='line_1_70' title="bbox 2946 3773 3331 3806; baseline 0 0"><span class='ocrx_word' id='word_1_395' title='bbox 2946 3776 2975 3806; x_wconf 55' lang='lat' dir='ltr'>ss</span> <span class='ocrx_word' id='word_1_396' title='bbox 3300 3773 3331 3806; x_wconf 50' lang='grc' dir='ltr'><strong><em>ἕ</em></strong></span> 
     </span>
     <span class='ocr_line' id='line_1_71' title="bbox 2488 3807 3895 3884; baseline 0 -1"><span class='ocrx_word' id='word_1_397' title='bbox 2488 3807 3143 3884; x_wconf 80' lang='lat' dir='ltr'>Commemorandus</span> <span class='ocrx_word' id='word_1_398' title='bbox 3171 3819 3282 3883; x_wconf 82' lang='lat' dir='ltr'>hie</span> <span class='ocrx_word' id='word_1_399' title='bbox 3321 3838 3560 3884; x_wconf 80' lang='lat' dir='ltr'>numus</span> <span class='ocrx_word' id='word_1_400' title='bbox 3593 3819 3765 3884; x_wconf 77' lang='lat' dir='ltr'>aliua</span> <span class='ocrx_word' id='word_1_401' title='bbox 3797 3822 3895 3883; x_wconf 87' lang='lat' dir='ltr'>in·</span> 
     </span>
     <span class='ocr_line' id='line_1_72' title="bbox 2389 3913 3589 3999; baseline 0.003 -24"><span class='ocrx_word' id='word_1_402' title='bbox 2389 3913 2640 3997; x_wconf 62' lang='lat' dir='ltr'>signis,</span> <span class='ocrx_word' id='word_1_403' title='bbox 2691 3913 2804 3976; x_wconf 79' lang='lat' dir='ltr'>etsi</span> <span class='ocrx_word' id='word_1_404' title='bbox 2841 3916 3197 3978; x_wconf 79' lang='lat' dir='ltr'>commatis</span> <span class='ocrx_word' id='word_1_405' title='bbox 3234 3916 3589 3999; x_wconf 81' lang='lat' dir='ltr'>peregrini.</span> 
     </span>
     <span class='ocr_line' id='line_1_73' title="bbox 2545 4007 3896 4075; baseline -0.001 -4"><span class='ocrx_word' id='word_1_406' title='bbox 2545 4045 2560 4054; x_wconf 88' lang='lat'>-</span> <span class='ocrx_word' id='word_1_407' title='bbox 2681 4008 2805 4071; x_wconf 89' lang='lat' dir='ltr'><strong>TI.</strong></span> <span class='ocrx_word' id='word_1_408' title='bbox 2844 4007 3213 4073; x_wconf 86' lang='lat' dir='ltr'><strong>CAESAR.</strong></span> <span class='ocrx_word' id='word_1_409' title='bbox 3256 4009 3474 4071; x_wconf 89' lang='lat' dir='ltr'><strong>D1v1.</strong></span> <span class='ocrx_word' id='word_1_410' title='bbox 3539 4008 3748 4075; x_wconf 86' lang='lat' dir='ltr'><strong>AVG.</strong></span> <span class='ocrx_word' id='word_1_411' title='bbox 3811 4007 3896 4071; x_wconf 90' lang='lat' dir='ltr'>F.</span> 
     </span>
     <span class='ocr_line' id='line_1_74' title="bbox 2684 4099 3894 4171; baseline 0.001 -7"><span class='ocrx_word' id='word_1_412' title='bbox 2684 4099 3894 4171; x_wconf 76' lang='lat' dir='ltr'><strong>AVGVSTVS.1MP.V11.P.M.</strong></span> 
     </span>
    </p>
   </div>
   <div class='ocr_carea' id='block_1_24' title="bbox 2393 4195 3905 4372">
    <p class='ocr_par' dir='ltr' id='par_1_25' title="bbox 2393 4195 3905 4372">
     <span class='ocr_line' id='line_1_75' title="bbox 2577 4195 3167 4280; baseline 0.002 -20"><span class='ocrx_word' id='word_1_413' title='bbox 2577 4253 2584 4260; x_wconf 83' lang='grc'><em>,</em></span> <span class='ocrx_word' id='word_1_414' title='bbox 2686 4196 2887 4280; x_wconf 79' lang='lat' dir='ltr'>Caput</span> <span class='ocrx_word' id='word_1_415' title='bbox 2918 4195 3167 4265; x_wconf 75' lang='lat' dir='ltr'>nudum.</span> 
     </span>
     <span class='ocr_line' id='line_1_76' title="bbox 2393 4289 3905 4372; baseline 0.004 -20"><span class='ocrx_word' id='word_1_416' title='bbox 2393 4290 2693 4357; x_wconf 79' lang='lat' dir='ltr'><strong>D1vv3.</strong></span> <span class='ocrx_word' id='word_1_417' title='bbox 2734 4289 3284 4372; x_wconf 77' lang='lat' dir='ltr'><strong>AVG.1MPER.</strong></span> <span class='ocrx_word' id='word_1_418' title='bbox 3326 4291 3754 4356; x_wconf 81' lang='lat' dir='ltr'><strong>OCTAVIA.</strong></span> <span class='ocrx_word' id='word_1_419' title='bbox 3778 4292 3905 4358; x_wconf 79' lang='lat' dir='ltr'>Ca-</span> 
     </span>
    </p>
   </div>
  </div>
 </body>
</html>
