4225 5450
759 557 902 635 ²7!-
948 572 957 579 ·

759 728 848 801 Ρ.
955 816 959 820 ,
1057 714 1249 799 IMP.
1302 728 1574 797 NERO.
1656 733 1985 802 CLAVD.
2054 734 2267 801 CAE-

978 886 983 891 .
1048 827 1243 891 SAR.
1275 825 1485 894 AVG.
1521 826 1803 894 GERM.
1849 826 1926 897 P.
1974 833 2077 893 Μ
2115 833 2266 895 TR.

776 975 783 981 .
1050 922 1263 989 POT
1294 923 1376 984 P.
1424 925 1500 985 P.
1543 924 1743 1009 Caput
1779 928 2119 993 radiatum.

763 1019 1003 1200 5:33»
1046 1016 1260 1102 aversa
1291 1016 1505 1085 addito
1524 1019 1589 1085 S.
1633 1019 1709 1083 C.
1763 1023 1905 1087 AE.
1936 1027 2015 1085 11.
2060 1018 2269 1099 (Mus.

830 1310 956 1395 ,Vt
999 1306 1190 1372 obvii
1226 1306 1370 1370 sunt
1414 1304 1489 1368 hi
1542 1305 1832 1369 Neronis
1880 1307 2106 1383 numi,
2173 1309 2275 1370 ita

758 1405 1135 1482 incertum,
1190 1403 1282 1465 ad
1331 1421 1531 1486 quem
1568 1402 1817 1464 annum
1857 1401 2134 1465 aversae
2177 1403 2272 1464 in-

760 1500 1036 1583 scriptio
1075 1497 1427 1575 adludat.f
1514 1494 2045 1573 MediobarbuS,
2127 1495 2274 1560 alii-

762 1614 895 1678 que
932 1612 1051 1656 eos
1093 1593 1184 1655 ad
1222 1608 1470 1654 annum
1507 1592 1589 1652 V.
1632 1588 1711 1654 C.
1758 1604 1839 1665 ει
1863 1613 1886 1653 ι
1930 1589 2272 1668 referunt,

761 1686 1021 1751 inducti
1068 1686 1225 1749 loco
1272 1685 1611 1762 Suetonii,
1664 1689 1731 1764 θ)
1774 1689 1891 1770 qui
1947 1704 2097 1749 cum
2131 1686 2273 1748 'Ti-

762 1783 1006 1845 ridatis
1034 1780 1272 1847 Parthi
1308 1781 1377 1841 in
1414 1780 1649 1843 urbem
1688 1782 2053 1845 adventum
2078 1827 2099 1858 ,
2154 1779 2274 1842 ha·

764 1876 1083 1960 bitosque
1130 1887 1494 1960 propterea
1538 1876 1793 1938 Neroni
1853 1874 2154 1939 honores
2211 1894 2274 1935 e-

764 1970 1131 2048 narrasset,
1176 1971 1497 2037 continuo
1533 1969 1835 2052 subjicit:
1899 1972 2126 2035 Ianam
2163 1988 2274 2053 ge·

764 2068 995 2132 minam
1029 2066 1235 2159 clausit
1260 2076 1393 2131 tam
1418 2064 1618 2144 nuHo,
1669 2087 1855 2151 quam
1890 2066 2124 2154 reficiam
2155 2063 2272 2129 bel-

766 2162 872 2241 lo,
922 2162 1242 2226 sententia
1287 2163 1441 2225 satis
1480 2158 1795 2235 obscura3
1847 2181 2005 2224 nam
2027 2180 2108 2222 eo
2130 2160 2276 2223 col-

766 2258 993 2345 legere
1024 2255 1506 2338 casaubonus,
1556 2254 1857 2338 aliique,
1921 2256 2187 2340 saepius
2234 2276 2275 2319 a

660 2422 667 2429 ,
742 2353 1037 2418 ·Nerone
1080 2354 1227 2419 Iani
1259 2352 1583 2436 templum
1622 2351 1892 2414 clusum.
1994 2350 2199 2431 Quod
2233 2349 2310 2412 fi

767 2468 1051 2529 verum,
1102 2462 1180 2512 ut
1220 2451 1293 2511 in
1336 2448 1607 2509 Nerone
1654 2464 1851 2507 omne
1903 2444 2071 2507 illud
2140 2464 2275 2509 cre·
2335 2443 2756 2529 epigraphe:

769 2544 978 2609 dibile
1004 2595 1027 2628 ‚
1080 2544 1407 2628 quidquid
1444 2540 1769 2614 insanum.
1821 2538 2127 2623 pluribus
2163 2561 2277 2606 an·

767 2636 872 2702 ni's
905 2639 1113 2726 adfigi
1157 2638 1419 2724 poss'unt
1468 2635 1539 2697 hi
1594 2635 1801 2698 numi.
1933 2634 2164 2715 Quare
2213 2648 2279 2698 et

766 2736 1215 2804 Tillemontio
1267 2733 1518 2805 visum,
1586 2750 1720 2794 non
1772 2729 1897 2791 ess‘e
1949 2730 2106 2798 satis
2166 2750 2277 2792 ex-

760 2811 1107 2911 ploratum
1140 2846 1421 2903 annums
1467 2826 1556 2887 ad
1596 2843 1793 2908 quem
1818 2823 1889 2885 hi
1925 2825 2107 2886 numi
2131 2843 2278 2908 per-

763 2923 1045 2988 tineant.
1096 2910 1160 3000 b)
1214 2920 1528 2982 Ceterum
1571 2918 1830 2982 fallitur
1876 2917 2090 2996 Oeco,
2137 2919 2275 2982 Ha-

767 3035 1225 3101 vercampus,⁴
1271 3014 1564 3098 aliique,
1635 3015 1753 3098 qui
1836 3015 1926 3076 ad
2028 3033 2275 3077 annum

767 3112 850 3173 V.
885 3109 962 3177 C.
1006 3124 1137 3184 811
1198 3109 1548 3173 subactam
1621 3105 2049 3186 Armeniam,
2117 3130 2275 3172 coa-

766 3217 1079 3289 ctumque
1118 3205 1497 3268 Tiridatem
1530 3206 1895 3269 Armeniae
1923 3223 2198 3289 regnum
2234 3224 2278 3268 a

764 3299 1035 3363 Nerone
1068 3302 1441 3386 accipere,
1491 3314 1694 3386 atque
1736 3311 2100 3402 propterea
2167 3300 2276 3363 Ia·

762 3396 839 3459 ni
866 3395 1193 3480 templum
1234 3394 1527 3460 clausum
1556 3396 1897 3459 ..adserunt
2001 3395 2276 3458 Tirida·

767 3491 854 3552 tis
891 3492 1302 3567 adventum,
1354 3477 1719 3576 datumque
1778 3503 1920 3552 tum
1991 3490 2053 3551 ei
2101 3491 2277 3552 inter

764 3588 1071 3648 maxima
1132 3584 1434 3650 solennia
1509 3586 1867 3648 Armeniae
1948 3604 2273 3670 regnum,

772 3682 953 3762 quod
995 3681 1351 3746 Suetonius·
1373 3681 1563 3742 dicto
1604 3682 1825 3764 capite
1870 3679 2056 3743 XIII.
2091 3680 2280 3742 nullo

764 3776 1088 3858 temporis
1138 3775 1391 3838 indicio
1422 3787 1977 3852 commemorem·
2010 3775 2147 3837 Dio
2182 3776 2276 3836 in-

586 3843 597 3850 ⁶
680 3911 683 3914 ι
764 3883 866 3932 ter
907 3883 1062 3940 acta
1101 3871 1256 3934 anni
1298 3870 1381 3933 V.
1417 3867 1492 3931 C.
1516 3881 1667 3950 819
1706 3869 1931 3933 refert.
2032 3870 2118 3931 Et
2162 3891 2275 3933 ve·

762 3985 839 4027 ro
876 3965 961 4028 cl.
996 3964 1264 4030 Brotier
1288 3983 1570 4032 numum
1592 3965 1961 4030 aenetunl.
2007 3962 2275 4028 formae

762 4057 1005 4122 r'ecitat
1043 4061 1130 4121 ad
1168 4060 1396 4122 Taciti
1468 4060 1759 4123 Annales
1820 4060 1898 4127 L.
1964 4059 2141 4121 XVI.
2211 4078 2269 4123 c.

768 4169 852 4229 28
884 4199 903 4233 ‚
956 4157 1022 4218 in
1081 4158 1264 4235 cujus
1318 4156 1547 4219 antica
1583 4156 1894 4241 proditur
1946 4153 2107 4217 trib.
2151 4174 2275 4286 Ρο-

834 4471 888 4533 a)
924 4473 981 4520 in
1018 4470 1240 4522 Nerone
1276 4488 1323 4523 c.
1364 4485 1448 4534 ¹3.

762 4557 818 4608 p.
863 4546 950 4598 81.

1718 4466 1783 4548 Ρ)
1826 4470 1882 4519 in
1922 4467 2148 4520 Nerone
2185 4479 2286 4526 art.
2325 4469 2459 4527 Vn.

2111 537 2496 614 NERO.

2349 736 2548 801 testas
2581 736 2763 801 XIII.
2787 783 2807 816 ‚
2851 750 2930 801 et
2957 737 3025 800 in
3060 735 3514 801 averfaidem
3530 737 3673 803 Iani
3693 748 3858 802 tem

2353 833 2542 917 plum
2582 853 2734 898 cum
2770 835 3026 897 eadem
3017 833 3452 918 epigraphe.
3503 832 3760 897 PACE.
3779 836 3857 898 Ρ.

2349 928 2435 990 R.
2484 939 2613 990 etc.
2745 928 2919 993 Cum
2976 926 3263 990 Neronis
3335 928 3492 991 tr'ib.
3568 922 3858 1012 potestas

2347 1022 2535 1086 XIII.
2565 1024 2833 1089 incidat
2869 1024 2938 1085 in
2966 1042 3214 1086 annum
3261 1025 3348 1090 V.
3387 1019 3461 1088 C.
3504 1035 3642 1106 8¹9
3671 1070 3690 1101 ‚
3745 1025 3858 1088 hie

2346 1136 2589 1181 numus
2625 1119 3056 1184 confirmaret
3116 1108 3402 1200 quidefl
3426 1118 3642 1182 verba
3693 1121 3856 1183 Sue-

2346 1214 2559 1289 tonii,
2602 1217 2727 1296 ‚qui
2760 1212 3128 1278 nonnullis‘
3168 1212 3470 1276 adserere
3524 1215 3790 1278 videtur
3834 1263 3856 1292 ‚

2347 1306 2496 1370 Iani
2538 1309 2863 1393 templum
2915 1305 3061 1392 post
3087 1307 3440 1372 ‘Tiridatis
3485 1309 3857 1375 adventum

2344 1401 2535 1465 fuiss‘e
2579 1403 2916 1479 clausum,
2966 1422 3202 1466 verum
3248 1402 3561 1466 dubitare
3607 1404 3850 1482 liceat,

2344 1495 2505 1559 fitne
2537 1499 2726 1560 numi
2753 1497 3130 1583 epigraphe
3151 1496 3278 1563 rite
3313 1510 3638 1583 exeepta3
3687 1519 3852 1562 nam

2346 1602 2821 1675 praeterquam
2849 1593 3038 1674 quod
3057 1604 3399 1674 ‘nusquam
3431 1593 3599 1657 alibi
3649 1593 3852 1679 fingu-

2343 1685 2558 1747 larem
2585 1685 2780 1751 hunc.
2829 1705 3104 1748 numum
3159 1687 3513 1751 laudatum
3576 1690 3798 1773 reperi
3831 1736 3854 1765 ,

2344 1777 2513 1841 illud
2545 1780 2750 1843 etiam
2800 1781 3082 1843 dubit‘im
3123 1800 3560 1866 magnopere.
3591 1796 3794 1869 auget
3827 1830 3849 1860 ,

2349 1874 2533 1956 quod
2570 1875 2639 1938 in
2690 1875 2876 1938 nullo
2918 1875 3239 1939 hactenus
3277 1896 3508 1940 -numo
3565 1879 3855 1943 Neronis

2346 1987 2561 2032 aeneo
2604 1969 2657 2032 1.
2688 1968 2955 2034 formae
2996 1973 3301 2034 additum
3353 1972 3510 2036 trib.
3563 1972 3848 2057 potesta-

2344 2064 2432 2125 tis
2472 2084 2820 2128 numerum
2868 2067 3098 2129 videre
3123 2065 3331 2129 licuit.
3431 2069 3682 2144 Addo,
3721 2069 3853 2129 mi·

2347 2178 2496 2220 rum
2534 2180 2805 2243 quoque
2837 2160 3002 2223 mihi
3037 2161 3252 2223 videri
3295 2178 3576 2223 aeneum
3605 2161 3692 2228 11.
3715 2160 3850 2227 for·

2347 2272 2522 2319 mae
2539 2275 2584 2317 a
2616 2256 2988 2321 Vaillamio
3025 2256 3094 2317 io
3131 2256 3370 2321 Numis
3396 2254 3637 2339 praest.
3685 2258 3780 2325 ·T.—.
3799 2258 3854 2320 Ι.

2350 2370 2420 2434 Ρ.
2473 2366 2559 2415 22
2597 2352 3047 2433 productum,
3099 2350 3168 2410 in
3206 2370 3339 2432 quo
3395 2342 3856 2434 praetenditur

2810 2442 3062 2506 PACE.
3123 2444 3200 2507 P.
3254 2446 3338 2509 R.
3389 2458 3519 2516 etc.
3575 2459 3648 2510 et
3725 2466 3851 2528 pro

2350 2549 2521 2623 typo
2557 2558 2690 2603 non
2724 2539 2867 2601 Iani
2904 2539 3231 2622 templum
3281 2538 3690 2624 inscriptioni
3748 2562 3851 2602 re-

2352 2631 2722 2717 spondem,
2769 2634 2882 2696 ‘sed
2915 2635 3134 2699 Roma
3185 2634 3434 2701 sedens,
3537 2633 3853 2699 Ceterum
3977 2640 3986 2647 ’

2351 2729 2460 2792 his
2497 2729 2788 2796 Neronis
2833 2731 3052 2794 numia
3089 2743 3320 2814 aperte
3352 2731 3744 2796 adversatur
3765 2732 3852 2794 O·

2352 2821 2559 2886 rufius
2595 2823 2938 2904 adducens
2977 2823 3427 2892 testimonium
3470 2825 3669 2908 ipfius
3714 2827 3852 2888 Ta-

2353 2918 2467 2981 citi
2500 2916 2726 3003 verbis
2771 2930 3208 3002 conceptum:
3259 2926 3311 2997 c)
3361 2922 3521 2984 Sene
3571 2921 3855 3005 Augusto

2353 3014 2553 3080 Ianus
2573 3014 2933 3098 patefactus
2952 3060 2968 3088 ‚
3019 3013 3164 3080 dm
3192 3017 3367 3097 apud
3400 3024 3712 3080 extremos
3734 3026 3855 3080 ter·

2351 3128 2572 3174 rarum
2614 3112 2914 3173 terminos
2942 3119 3137 3174 novae
3165 3121 3383 3192 ξοπιες
3395 3111 3582 3196 saepe
3616 3130 3697 3174 ex
3722 3112 3854 3196 ψ,

2353 3215 2410 3268 et
2444 3204 2779 3287 aliquando
2813 3225 2949 3270 cum
2995 3202 3217 3272 damno
3270 3216 3703 3290 quaeruntur„
3749 3226 3859 3272 us-

2351 3319 2465 3385 que
2485 3298 2575 3364 ad
2621 3300 2691 3364 V
2685 3300 2968 3386 qumfiam'
2994 3300 3263 3386 *duravit
3296 3303 3650 3384 imperium..
3733 3301 3854 3363 Pe·

2354 3395 2468 3460 tiit
2509 3393 2682 3457 liber
2723 3394 2986 3469 Taciti,
3059 3395 3174 3476 qui
3226 3394 3396 3460 haec
3451 3393 3674 3460 refert.
3777 3396 3856 3460 In

2352 3489 2458 3555 his
2498 3489 2727 3554 verbis
2757 3501 2975 3553 certus
3025 3508 3212 3554 error
3246 3504 3363 3553 aut
3403 3487 3620 3552 Orofii
3652 3492 3717 3554 T
3719 3511 3853 3556 aci

2354 3597 2495 3648 tum
2534 3584 2952 3668 excerpentis
2976 3632 2996 3666 ,
3051 3585 3164 3665 qui
3203 3582 3380 3647 forte
3419 3605 3546 3668 pro
3590 3586 3854 3672 Vespafi·

2353 3684 2461 3746 aui
2500 3679 2825 3764 scripserit
2864 3680 3183 3755 Neronis,
3231 3692 3349 3744 aut
3403 3679 3598 3763 ipsius
3653 3683 3852 3746 Taci-

2354 3776 2444 3847 ti;
2495 3793 2654 3837 nam
2689 3785 2794 3838 tot
2825 3773 3039 3850 obvii,
3075 3792 3156 3836 ac
3184 3775 3322 3838 triti
3353 3774 3642 3837 Neronis
3669 3777 3854 3838 numi
3879 3793 3896 3808 ²

2355 3869 2443 3934 ab
2475 3869 2609 3934 hoc
2647 3868 2896 3934 clusum
2939 3869 3176 3932 lanum
3235 3870 3485 3934 invicte
3544 3875 3851 3954 compro-

2354 3963 2566 4041 bant,
2603 3983 2817 4046 neque
2855 3963 2986 4026 dici
3023 3963 3230 4047 potest
3267 3984 3422 4026 cum
3476 3965 3769 4041 Rualdo‚
3787 3956 3854 4041 ὅ)

2352 4058 2692 4124 Neronem
2734 4079 2780 4123 a
2820 4058 3067 4122 Tacito
3112 4061 3357 4136 omitti,
3409 4060 3856 4142 quoniamhic

2357 4154 2595 4218 Ianum
2633 4153 2834 4217 nullis
2871 4155 3093 4230 veria,
3145 4167 3212 4217 et
3263 4157 3582 4240 legitimis
3646 4156 3854 4219 causis
3984 4201 3994 4212 .

2688 4469 2738 4536 c)
2772 4469 2838 4520 L.
2875 4468 3008 4526 vu,
3046 4487 3093 4530 e,
3129 4486 3183 4536 3,
3393 4470 3450 4539 d.)
3485 4474 3545 4524 in
3573 4472 3854 4531 Plutaroh.
