4225 5450
852 576 943 640 62

849 764 978 828 hos
1018 784 1261 829 numos
1296 764 1629 853 Octaviae
1660 766 1760 845 jus
1787 761 1930 827 ess'e.
1986 768 2355 850 Argumen-

853 874 927 924 ιο
976 883 1022 924 a
1051 860 1473 924 lineamentis
1507 859 1718 941 petito
1751 876 1882 920 non
1910 858 2353 940 immorabor,

851 977 1002 1023 eum
1048 956 1230 1038 quod
1286 953 1497 1028 haee,
1564 954 1927 1037 praecipue
2003 955 2073 1017 in
2135 957 2358 1019 numis

852 1051 1185 1132 externis,
1238 1049 1357 1110 fint
1388 1046 1677 1110 *fallacia
1701 1095 1721 1126 ‚
1773 1060 1917 1111 tum
1956 1052 2140 1132 quod
2171 1052 2353 1114 dem⁴

851 1159 972 1231 pto
1016 1161 1219 1207 numo
1260 1143 1457 1205 unico
1482 1190 1500 1219 ‚
1555 1164 1754 1226 quem
1791 1145 1857 1206 in
1905 1149 2044 1227 ejus
2079 1158 2357 1210 moneta

853 1239 1035 1304 dabo
1067 1286 1086 1316 ,
1139 1250 1645 1302 monumentum
1696 1238 1881 1302 aliud
1934 1261 2081 1303 -ιιοιι
2147 1241 2354 1323 habe-

850 1356 1043 1412 mus,
1098 1337 1281 1417 quod
1320 1334 1771 1398 indubitatam
1814 1336 2011 1401 nobis
2069 1337 2353 1400 Octavi·

852 1451 935 1495 ae
976 1429 1268 1516 effigiem
1296 1424 1563 1505 offerat,
1616 1450 1766 1492 eum
1793 1450 1926 1513 qua
1961 1433 2135 1494 adeo
2164 1452 2357 1519 prae-

849 1526 1128 1589 fentium
1176 1545 1530 1587 nnmerum
1564 1526 1793 1589 vultus
1823 1527 2151 1611 possimus
2204 1534 2359 1591 con·

846 1620 1050 1683 fierre.
1151 1622 1257 1683 Ad
1304 1621 1547 1705 capitis
1584 1622 1837 1684 cultum
1870 1622 2055 1707 quod
2089 1624 2357 1702 attinet,

853 1716 1147 1778 vidimus
1189 1718 1256 1778 in
1290 1714 1603 1799 praefixo
1654 1719 1971 1803 catalogo
2002 1765 2021 1795 ,
2093 1738 2178 1780 ex
2239 1736 2356 1782 au·

849 1822 1114 1873 etorum
1159 1811 1414 1874 indicio
1458 1811 1652 1896 saepe
1700 1825 1905 1898 caput
1934 1814 2101 1878 illud
2140 1815 2357 1878 adseri

852 1905 1243 1969 diademate
1286 1907 1711 1982 redimitum3
1765 1910 1948 1993 quod
1993 1909 2036 1972 fi
2082 1929 2360 1987 verum,

853 2002 1010 2085 quis
1030 2001 1470 2087 Cleopatram
1499 2000 1955 2074 inficiabitur?
2003 2005 2140 2069 Sed
2163 2007 2361 2069 Maz-

853 2096 1095 2167 zoleno
1137 2094 1364 2181 judice
1400 2110 1652 2162 temere
1680 2098 1849 2162 illud
1892 2114 2363 2165 ornamentum

854 2212 898 2257 a
933 2194 1283 2278 Motellio‚
1314 2193 1600 2278 aliisque
1641 2193 1959 2259 adfictum
1983 2195 2093 2274 est,
2150 2216 2358 2280 quam

854 2290 1126 2373 quidem
1171 2309 1302 2375 ego
1334 2290 1724 2354 sententiam
1757 2293 2020 2356 calculo
2062 2312 2218 2357 meo
2239 2313 2356 2365 ,ne-

853 2404 984 2468 que
1018 2387 1378 2471 repudiare
1428 2388 1734 2471 -poss'um,
1816 2408 2035 2470 neque
2107 2408 2357 2474 appro-

847 2479 1052 2555 bare3
1109 2502 1244 2545 non
1285 2481 1458 2558 hoe,
1512 2484 1676 2563 quia
1719 2493 1826 2543 tot
1875 2482 2067 2546 testes
2124 2484 2358 2546 diade-

850 2595 966 2639 ma
1005 2573 1391 2652 stabiliunt,
1439 2595 1575 2638 non
1617 2575 1825 2649 illud,
1893 2580 2056 2659 quia
2112 2589 2179 2638 et
2219 2576 2357 2660 ipse

850 2672 1274 2757 experientia
1310 2671 1551 2732 doctus
1601 2687 1810 2753 cogor
1839 2670 2167 2755 profiteri,
2188 2690 2359 2734 non-

786 2769 799 2782 '
847 2767 1069 2830 nullos
1095 2764 1404 2829 ‚eruditos
1443 2759 1680 2826 revera
1725 2763 1989 2829 mulieri
2036 2767 2359 2831 diadema

848 2871 1124 2946 praeter
1215 2859 1574 2922 veritatem
1655 2859 2039 2939 adfinxiss'e‚
2106 2864 2312 2928 eredo
2333 2910 2355 2941 ,

849 2956 1038 3040 quod
1086 2954 1462 3033 mulierem,
1513 2975 1714 3040 quam
1752 2956 1877 3020 ess'e
1914 2957 2354 3043 Cleopatram

848 3055 1031 3118 eitra·
1052 3049 1329 3113 dubium
1348 3052 1685 3128 dixerunt,
1734 3052 1860 3114 ess'e
1893 3055 2358 3117 diadematam

851 3158 1220 3231 oporteret.
1324 3145 1393 3208 Si
1433 3144 1598 3210 istud
1629 3150 1697 3211 iu
1735 3148 2059 3230 Morellio
2108 3149 2357 3234 proba-

824 3261 1058 3319 -vero,
1113 3244 1299 3323 cujus
1333 3242 1817 3307 celebrataest
1864 3246 1934 3308 in
1995 3265 2358 3307 numerum

852 3338 1122 3425 pictura
1162 3338 1562 3417 adcuratio‚
1614 3339 1830 3422 multo
1883 3343 2097 3425 magis
2166 3340 2357 3424 suspi-

854 3434 966 3498 cio
1005 3433 1205 3497 feriet
1234 3433 1584 3499 solutiores
1623 3435 1821 3498 alios.
1916 3437 2137 3501 Video
2163 3437 2361 3499 nimi·

794 3603 800 3609 ι
853 3549 1048 3606 rum,
1098 3531 1167 3592 in
1203 3528 1377 3593 binis
1408 3528 1847 3615 Ciflophoris,
1901 3551 2070 3617 quos
2102 3531 2359 3594 Motel-

850 3626 985 3690 nus
1019 3626 1087 3687 in
1123 3624 1390 3690 familia
1414 3628 1713 3689 Antonia
1747 3627 1887 3691 tab.
1924 3646 1959 3691 2
2000 3626 2187 3704 finit,
2239 3628 2358 3690 ad·

857 3721 1072 3788 ditum
1121 3732 1329 3805 caput
1374 3720 1699 3783 muliebre
1742 3723 2051 3787 -cinetum
2128 3724 2354 3787 diade-

852 3830 1085 3896 mate,
1136 3835 1272 3900 quo
1302 3827 1531 3879 tamen
1574 3816 1755 3879 illud·
1789 3830 1975 3883 earet
2009 3820 2078 3882 in
2137 3819 2363 3883 numis

2423 2789 2568 2852 ¹que
2594 2767 2828 2832 debito
2864 2767 3091 2856 infigni
3127 2788 3382 2831 ear-ere.

1923 562 2044 640 Μ.
2141 562 2868 690 ANTONIVS.

2437 768 2674 854 patent
2702 811 2722 841 ,
2773 775 2842 826 et
2875 778 3163 845 quorum
3203 761 3417 857 ’multi
3484 761 3732 848 exiguo
3792 764 3934 828 funt

2439 861 2824 939 volumine,
2886 858 3208 921 diadema
3263 878 3533 943 quoque
3594 859 3684 921 ab
3771 862 3937 923 anti·

2439 957 2693 1043 quariis
2736 955 2818 1016 de
2867 953 3006 1029 suo,
3058 964 3126 1015 et
3164 972 3251 1015 ex
3301 955 3765 1038 praejudicata
3794 955 3935 1040 opi.

2439 1053 2640 1115 nione
2677 1049 2870 1112 fuiss'e
2914 1049 3245 1115 additum.
3969 1118 3978 1123 ,

2533 1152 2753 1228 Atque
2801 1144 2906 1207 his
2960 1142 3294 1228 perpenfis
3351 1143 3660 1207 omnibus
3731 1163 3939 1230 appa·

2436 1254 2834 1323 ret‚-quam
2870 1237 2944 1303 tit
2987 1236 3308 1314 difficile,
3359 1240 3428 1300 in
3478 1238 3611 1302 hoc
3661 1239 3935 1302 dissidio

2438 1338 2545 1400 seu
2584 1336 2946 1411 Octaviae,
2996 1332 3106 1395 seu
3140 1332 3548 1418 Cleopatrae
3591 1347 3819 1419 partes
3843 1342 3942 1397 tu-

2440 1435 2559 1496 eri.
2650 1434 2748 1496 .Vt
2790 1443 3045 1494 tamem
3101 1448 3323 1492 meam
3360 1429 3490 1493 hac
3526 1450 3800 1513 quoque
3869 1433 3943 1495 in

2441 1527 2642 1590 eausa
2675 1530 3130 1607 conjecturam
3167 1523 3556 1610 proferam,
3605 1545 3744 1589 non
3791 1546 3938 1591 ma·

2438 1641 2738 1708 gnopere
2783 1622 3080 1685 alienum
3129 1640 3236 1685 me
3289 1640 3330 1681 a
3366 1621 3753 1685 Mazzoleni
3805 1622 3940 1685 len-

2438 1720 2653 1783 tentia
2713 1716 3086 1803 profiteor,
3157 1717 3536 1800 opinantis,
3630 1707 3946 1782 muliebri

2439 1814 2596 1878 huie
2631 1813 2874 1897 capiti
2887 1813 2953 1874 in
3004 1811 3188 1874 nullo
3214 1813 3288 1874 id
3317 1831 3524 1895 genus
3559 1831 3764 1875 numo
3819 1815 3940 1877 ad·

2443 1912 2656 1974 ditum
2693 1909 3034 1972 diadema.
3084 1903 3307 1969 Istud
3345 1907 3387 1969 fi
3442 1922 3725 1984 verum,
3779 1928 3944 1993 quos

2442 2007 2627 2070 niam
2675 2003 3046 2090 Cleopatra
3077 2022 3236 2068 vere
3267 2004 3514 2088 regina
3539 2000 3710 2080 fuit,
3764 2010 3833 2068 e't
3871 2005 3943 2067 in

2445 2104 2647 2166 certis
2684 2103 2822 2181 ejus
2853 2094 3128 2178 n'umis,
3179 2098 3248 2159 in
3289 2098 3532 2209 quibus
3579 2087 3948 2184 praecipue

2446 2196 2794 2261 denarium
2827 2207 3034 2281 puto,
3083 2213 3287 2278 quern
3320 2196 3390 2256 in
3426 2206 3698 2257 moneta
3733 2198 3942 2259 Anstto

2436 2314 2532 2357 nu
2561 2295 2653 2357 ad
2698 2295 2782 2355 V.
2822 2291 2900 2355 C.
2970 2310 3106 2372 72⁰
3158 2288 3495 2372 descripsi,
3549 2292 3688 2372 ejus
3738 2290 3948 2383 caput

2439 2387 2810 2456 constanter
2843 2387 3127 2449 habetat
3167 2384 3627 2449 diadematum
3653 2431 3673 2461 ,
3740 2384 3940 2449 vide‘.

2439 2497 2547 2545 tur
2579 2486 2782 2545 etiam
2819 2481 3174 2563 consequi,
3227 2478 3268 2539 fi
3307 2493 3509 2568 caput
3548 2481 3618 2542 in
3677 2480 3951 2561 hujus,

2441 2579 2523 2639 de
2560 2597 2696 2661 qua
2726 2577 3031 2659 agimus,
3085 2577 3311 2640 elassis
3342 2577 3563 2639 numis
3603 2576 3759 2639 effet
3799 2576 3948 2641 Cle-

2439 2684 2771 2759 opatrae,
2824 2691 2958 2736 non
3003 2672 3272 2736 debere
3314 2671 3503 2758 regio
3563 2669 3735 2750 isto,
3794 2671 3952 2737 fibi-

3476 2769 3818 2853 Equidem
3850 2770 3950 2833 vi·

2442 2867 2624 2942 deo
2667 2864 2871 2948 objici
2924 2864 3092 2926 mihi
3124 2863 3307 2949 poss'e
3360 2882 3654 2927 aeneum
3691 2865 3953 2951 Oppii,

2422 2977 2639 3042 'quem
2668 2959 3119 3023 Vaillantius
3100 2981 3168 3022 ιιι
3201 2961 3499 3023 Antonia
3526 2958 3672 3022 tab..
3699 2957 3855 3025 XV.
3878 2981 3943 3025 ιι.

2437 3069 2574 3138 47,
2626 3054 2981 3118 Morellius
3015 3053 3158 3118 tab.
3235 3056 3349 3120 xl.
3402 3075 3469 3119 ιι.
3535 3072 3574 3118 2
3631 3055 3960 3135 edidere,

2439 3152 2505 3213 in
2548 3170 2681 3234 quo
2723 3167 2900 3233 pone
2939 3157 3144 3234 eaput
3173 3149 3522 3213 muliebre
3515 3170 3676 3213 non
3709 3146 3949 3215 diade·

2441 3258 2699 3309 matum
2743 3243 2829 3307 est
2853 3265 3087 3330 prora
3139 3243 3373 3321 navis,
3397 3247 3611 3329 quod
3662 3231 3956 3311 atti-ibu-

2440 3351 2582 3402 tum
2618 3352 2873 3403 certam
2912 3340 3107 3404 nobis
3144 3335 3581 3424 Cleopatram
3627 3339 3844 3422 facit,
3883 3355 3970 3407 ut

2442 3437 2675 3500 videre
2719 3434 2806 3497 est
2842 3456 2926 3501 ex
2966 3437 3209 3499 eodem
3271 3437 3551 3499 denario
3591 3433 3638 3500 'a
3689 3458 3808 3502 me
3861 3437 3956 3502 ad

2442 3549 2690 3611 annum
2724 3550 2861 3612 720
2897 3533 3256 3618 prodacto.
3353 3536 3445 3595 At
3491 3531 3666 3595 enim
3715 3551 3962 3617 quem·

2440 3628 2814 3691 admodum
2839 3677 2859 3710 ,
2915 3640 2985 3690 ut
3029 3628 3349 3692 continuo
3388 3627 3682 3691 diximus
3718 3674 3736 3703 ,
3798 3648 3959 3713 pec·

2438 3735 2663 3786 catum
2701 3722 2798 3787 ab
2828 3723 3225 3806 antiquariis
3254 3723 3574 3788 addendo
3600 3723 3967 3804 diadema,

2441 3834 2578 3902 quo
2619 3821 2775 3884 loeo
2814 3817 3034 3883 abess'e
3071 3816 3341 3898 debuit,
3395 3819 3478 3883 [ie
3515 3821 3801 3905 peccari
3851 3817 3965 3882 fa-

856 3914 1142 3996 i—isdem,
1192 3924 1396 3994 atque
1433 3911 1881 3997 integerrimis
1930 3911 2136 3978 musei
2192 3911 2373 3978 Cae*
2442 3915 2569 3978 cile
2606 3915 2832 4000 potuit
2861 3914 3286 3991 omittendo,
3353 3916 3723 4000 praecipue
3800 3927 3966 3980 otim

858 4011 1073 4087 farei,
1121 4006 1324 4070 musei
1360 4005 1649 4086 Albani,
1716 4021 1783 4072 et
1834 4029 2018 4101 quos
2085 4008 2363 4073 exhibet

858 4105 1199 4170 Panelius.
1250 4100 1311 4184 ⁸)
1363 4105 1437 4168 Si
1480 4102 1561 4165 fic
1604 4117 1957 4188 peccatum
1995 4107 2064 4169 in
2112 4107 2368 4183 nuruis,

862 4205 978 4288 qui
1026 4221 1154 4286 per
1189 4200 1551 4278 volumen,
1623 4211 1691 4262 et
1729 4201 2076 4265 metallum
2144 4201 2368 4264 minua

861 4298 1245 4362 detrimenti
1289 4316 1660 4381 accepere,
1708 4301 1856 4380 jure
1895 4296 2233 4381 poss'umus
2265 4296 2363 4384 suf

860 4387 1098 4477 spicari
1126 4441 1163 4473 „
1208 4396 1275 4457 in
1310 4394 1562 4469 aeneis,
1612 4394 1731 4486 qui
1763 4392 2180 4477 corruptioni
2209 4392 2363 4477 plus

926 4605 985 4671 a)
1020 4604 1195 4664 Num.
1223 4603 1464 4677 Cistoph‚
1501 4621 1556 4676 p.
1591 4606 1683 4671 69.
1718 4645 1725 4652 .

2441 4009 2546 4088 is,
2600 4029 2799 4094 quem
2849 4005 3220 4076 morellius
3254 4006 3453 4088 stitit,
3515 4010 3803 4096 infignia
3867 4011 3962 4076 ab

2447 4124 2624 4172 aevo
2656 4103 2830 4169 vitia
2857 4104 3170 4169 feeerit.
3225 4104 3462 4196 Quod
3491 4104 3535 4167 fi
3583 4107 3651 4168 in
3706 4107 3968 4171 horum

2445 4202 2784 4265 nonnullis
2833 4221 2993 4265 vere
3041 4198 3130 4262 est
3176 4201 3384 4285 caput
3431 4201 3911 4272 diadematum
3942 4251 3968 4284 ,

2448 4309 2652 4381 atque
2686 4298 2865 4362 adeo
2895 4295 3342 4380 Cleopatrae,
3383 4293 3533 4376 'ejus
3574 4299 3864 4382 reginae
3899 4301 3974 4364 in

2445 4391 2554 4458 his
2590 4393 2812 4456 numis
2842 4390 3226 4477 propolitae
3251 4392 3594 4476 duplicem
3610 4393 3828 4458 video
3847 4396 3976 4466 adq
