4225 5450
1421 525 2248 608 HADRIANVS.

288 723 554 797 factum
599 727 957 818 opinentur
996 736 1418 820 propterea,
1470 732 1798 817 quoniam

287 825 449 891 teste
508 826 874 913 Spartiano
902 826 1177 914 frigora
1197 873 1220 907 ,
1294 837 1356 892 et
1430 831 1801 917 tempfiates

285 925 387 988 ita
404 925 721 1007 patimur
759 923 904 988 tulit
926 968 946 1001 ,
994 932 1071 987 ut
1102 930 1438 1010 ‚uinquam
1475 933 1663 1009 caput
1699 935 1795 989 te-

281 1027 486 1102 geret.
588 1017 760 1083 Cum
805 1038 939 1102 quo
990 1017 1315 1084 consentit
1367 1032 1435 1084 et
1501 1021 1676 1084 Dio:
1731 1017 1796 1101 ⁸)

284 1113 448 1178 nullo
477 1112 680 1180 calore
701 1160 723 1190 ‚
770 1112 929 1178 nullo
948 1112 1211 1200 frigore
1226 1151 1271 1194 ,-
1295 1125 1367 1179 ut
1401 1117 1599 1201 capito
1617 1133 1798 1199 oper-

283 1217 351 1272 to
389 1206 517 1295 efflt
537 1255 557 1287 ‚
608 1207 835 1273 adduci
855 1205 1112 1298 potuiffe
1131 1255 1150 1286 ,
1201 1228 1347 1274 nam
1395 1220 1455 1274 et
1481 1211 1649 1274 inter
1695 1210 1795 1273 ui-

282 1323 393 1369 ves
425 1305 706 1386 Celticus,
756 1312 816 1367 et
849 1301 1088 1386 calores
1112 1303 1468 1391 Aegyptios
1499 1304 1665 1371 nudo
1691 1319 1792 1394 ca·

274 1403 414 1483 pite
453 1397 812 1465 ambulavit.
913 1398 1109 1481 Quae
1139 1419 1247 1464 res
1304 1400 1368 1463 ei
1416 1399 1594 1465 male
1641 1417 1791 1464 ver·

284 1495 368 1557 tit
390 1518 410 1569 ;
462 1514 623 1558 nam
645 1490 805 1557 teste
837 1493 1080 1558 iterum
1101 1495 1791 1581 Spartianoperagra·

279 1594 371 1654 tis
406 1588 688 1654 munibus
733 1588 1031 1673 partibus
1081 1594 1280 1676 capite
1329 1590 1497 1657 nude
1521 1638 1541 1671 ‚
1606 1601 1669 1657 et
1724 1594 1794 1656 iu

272 1685 527 1777 summis
548 1684 907 1770 plerumque
941 1684 1245 1751 imbribus
1285 1697 1470 1774 atque
1505 1687 1789 1775 frigori·

283 1778 403 1843 bus
432 1784 504 1852 in
540 1779 821 1844 morbum
857 1780 1074 1844 incidit
1100 1782 1429 1848 actualem.

382 1876 471 1939 11.
524 1876 708 1939 Novi
745 1875 953 1938 etiam
989 1878 1202 1939 morie
1240 1876 1330 1939 est
1370 1889 1579 1963 caput
1623 1877 1788 1943 bar-

279 1969 518 2033 batum
543 2017 562 2048 ,
612 1968 1002 2034 testantibus
1041 1970 1207 2034 istud
1262 1990 1399 2034 non
1430 1970 1637 2036 solum
1670 1992 1788 2035 nu-

282 2068 415 2130 mis
445 2114 464 2145 ,
515 2067 628 2129 sed
669 2063 909 2128 diserte
968 2067 1175 2130 etiam
1212 2066 1479 2152 Dione:
1534 2055 1786 2146 ¹²)..Ha-

283 2164 549 2230 drianus
589 2165 745 2226 mim
766 2207 786 2238 ,
851 2160 950 2223 ait
965 2205 986 2236 ,
1046 2166 1293 2245 primus
1341 2165 1791 2245 imperatorum

283 2257 550 2325 barbam
579 2259 883 2345 promisit.
980 2258 1307 2320 Videmus
1336 2257 1609 2339 quidem
1667 2257 1788 2318 eti·-

287 2374 400 2418 am
432 2365 573 2415 tam
615 2349 925 2434 Augusti,
980 2371 1187 2435 quam
1243 2352 1534 2416 Neronia
1579 2368 1787 2437 genae

282 2450 353 2513 in
393 2448 611 2510 numia
641 2445 933 2510 barbula
967 2444 1227 2522 vestiri,
1272 2446 1481 2510 sedin
1524 2447 1664 2522 his,
1715 2456 1792 2510 ut

280 2543 578 2607 diximus
599 2587 619 2617 ,
668 2541 871 2604 causa
903 2540 1036 2605 fuit
1064 2552 1184 2604 aut
1200 2541 1456 2618 luctus,
1509 2553 1631 2604 aut
1664 2561 1785 2626 po-

271 2637 539 2715 nendae
595 2636 955 2700 secundum
1005 2647 1306 2699 veterem
1362 2637 1788 2700 consuetudi-

275 2755 432 2800 nem
472 2732 729 2797 barbae
763 2745 956 2798 aetas
973 2733 1273 2798 nondum
1308 2745 1601 2797 matura.
1700 2732 1783 2794 E·

273 2835 380 2912 jus
422 2830 493 2892 in
543 2828 898 2892 Hadriano
954 2829 1162 2894 moris
1232 2827 1500 2892 causam
1564 2827 1791 2892 statuit

278 2926 721 3010 SpartianuS,
768 2932 841 2987 ut
872 2926 1167 3000 vulnera,
1216 2944 1375 3007 quae
1422 2926 1494 2988 in
1516 2925 1692 3008 facie
1718 2945 1784 2988 e-

274 3028 430 3085 rant
442 3018 788 3100 naturalia,
810 3027 1060 3103 tegeret.
1091 3026 1181 3082 At
1196 3019 1376 3079 enim
1398 3019 1606 3081 aliam
1625 3018 1782 3081 huic

270 3117 418 3195 ejus
455 3111 746 3177 instituto
799 3114 1070 3176 causam
1135 3111 1382 3174 subell'e
1440 3109 1781 3193 suspicor,

270 3210 587 3274 nimirum
623 3209 808 3291 quod
839 3205 1315 3291 philosophiae
1368 3201 1580 3269 studia
1617 3224 1777 3291 per-

267 3305 561 3368 tinacius
601 3300 927 3388 professus
965 3313 1151 3379 erat,
1203 3320 1412 3384 quam
1462 3300 1579 3384 qui
1618 3318 1779 3384 pro-

265 3399 428 3462 fessi
511 3399 689 3474 sunt,
739 3397 1026 3462 barbam
1107 3396 1289 3459 alere
1350 3396 1781 3464 consuevere.

272 3500 495 3578 Atque
535 3494 604 3558 in
636 3494 767 3556 hac
814 3494 1021 3556 etiam
1060 3503 1283 3556 mente
1321 3480 1513 3553 fuiffe
1566 3489 1776 3553 Iulia·

268 3610 433 3652 num
470 3586 856 3669 Augustum,
905 3589 1063 3652 satia
1099 3586 1296 3651 exiis
1334 3596 1547 3671 patet,
1600 3603 1774 3668 quae

3248 551 3391 629 485

1875 730 2068 818 buit,
2117 731 2413 818 impense
2464 728 2737 814 forme,
2790 723 2998 820 atque
3025 723 3239 820 ipsum
3281 745 3384 800 re·

1874 827 2009 892 fert
2066 825 2465 915 Spartianus
2531 833 2714 916 apud
2761 831 3246 897 Alexandriam
3315 831 3387 894 in

1877 923 2103 988 museo
2145 924 2393 988 multas
2447 924 2864 1009 quaestiones
2899 917 3382 1013 profess‘oribua

1876 1019 2288 1103 proposuiss'e
2317 1065 2337 1096 ,
2389 1032 2459 1083 et
2526 1021 2905 1105 propofitas
2989 1020 3384 1101 dissolvisse,

1875 1132 2096 1196 neque
2131 1113 2272 1176 alia
2297 1115 2497 1179 causa
2529 1115 2661 1179 fuit
2694 1119 2869 1180 tanti
2900 1120 3040 1198 ejus
3065 1118 3134 1178 in
3175 1116 3384 1180 Athe-

1872 1227 1999 1273 nas
2025 1210 2289 1272 Atticas
2326 1210 2662 1287 adfectus,
2686 1210 2826 1298 ‘nisi
2864 1213 3048 1296 quod
3088 1229 3244 1273 eam
3276 1232 3379 1273 ur-

1870 1302 2028 1366 bem
2079 1302 2552 1389 philosophiae
2623 1303 2836 1370 studia
2917 1306 3008 1371 ab
3097 1308 3380 1390 antiquo

1873 1399 2462 1465 commendavere.
2561 1402 2687 1465 His
2730 1420 2882 1465 cum
2942 1412 3012 1464 et
3081 1402 3382 1486 proximi

1872 1496 2012 1576 ejus
2050 1494 2446 1560 successores
2481 1494 2754 1582 Augusti
2831 1497 3026 1561 enixe
3078 1515 3379 1560 vacave-

1869 1590 2005 1652 rint
2034 1631 2055 1667 ‚
2106 1594 2292 1666 (nam
2320 1610 2473 1655 eam
2499 1604 2794 1655 aetatem
2825 1593 3102 1676 proprie
3157 1590 3383 1675 sophi..-

1873 1682 2116 1749 flarum
2154 1686 2379 1749 dicere
2418 1682 2790 1771 postumus)
2841 1685 3129 1750 barbam
3164 1696 3232 1748 et
3260 1684 3382 1776 ipsi

1870 1780 2149 1844 alebant
2169 1827 2189 1857 ‚
2239 1779 2351 1843 nisi
2385 1779 2565 1848 forte
2595 1795 2664 1844 et
2693 1781 2823 1844 hos
2877 1780 3044 1844 velit
3077 1777 3382 1864 Spartia-

1869 1894 1992 1938 nus
2024 1874 2371 1940 naturalia
2421 1878 2491 1939 in
2547 1874 2728 1940 facie
2791 1875 3073 1939 vulnera
3118 1874 3382 1939 barbae

1870 1971 2028 2033 velo
2063 1969 2342 2034 voluiss'e
2382 1970 2725 2056 obtegere.
2842 1970 2946 2032 Ea
3005 1970 3224 2033 cultus
3269 1990 3378 2034 ra·
3436 1990 3444 1999 ·

1869 2064 1969 2127 tio
2019 2085 2103 2127 ex
2147 2063 2622 2150 philosophiae
2657 2063 2843 2127 cultu
2880 2082 3056 2127 nuno
3108 2063 3383 2128 invecta

1870 2160 2053 2242 apud
2104 2156 2402 2244 posteros
2436 2161 2775 2245 principes
2832 2160 2902 2222 in
2957 2155 3375 2221 consuetudi·

1869 2272 2021 2315 nem
2051 2253 2258 2332 abiit,
2312 2254 2396 2318 fic
2430 2268 2501 2320 ut
2533 2258 2603 2318 in
2631 2255 2907 2338 longum
2945 2265 3212 2336 tempus
3256 2253 3375 2315 eti·

1872 2367 1985 2410 am
2022 2347 2470 2434 imperatores
2508 2352 2600 2427 ii,
2658 2348 2774 2433 qui
2815 2349 3114 2411 omnium
3181 2347 3376 2411 mini-

1870 2462 1982 2506 me
2049 2442 2437 2530 philosophi
2516 2445 2752 2522 ess'ent,
2803 2442 3091 2507 barbam
3141 2455 3375 2507 tamen

1869 2541 2362 2652 promitterent.

1965 2635 2087 2698 111.
2137 2634 2209 2697 Si
2242 2637 2390 2718 quis
2425 2635 2613 2700 volet
2649 2645 2996 2700 monetam
3039 2595 3375 2697 Hadriani

1869 2734 2190 2795 attentius
2245 2731 2643 2810 observare,
2732 2730 2939 2796 facile
3007 2728 3372 2814 intelliget.

1865 2829 1935 2891 in
1969 2828 2190 2891 numia
2219 2827 2599 2892 consulatue
2636 2827 2688 2894 1.
2739 2840 2807 2891 et
2841 2828 2927 2890 11.
2976 2844 3374 2912 comparere

1863 2925 2092 3005 potius
2136 2923 2472 2986 Hadriani
2506 2934 2892 3008 protomen,
2912 2943 3115 3006 quam
3140 2932 3392 3008 caput,

1864 3016 2115 3078 collum
2153 3016 2455 3098 intelligo
2495 3018 2888 3097 productius
2950 3018 3188 3079 addita
3225 3034 3368 3076 ma-

1856 3112 2004 3188 jore
2046 3121 2239 3193 parte
2270 3110 2563 3192 pectoris
2588 3154 2608 3184 ,
2662 3120 2728 3169 et
2757 3111 3080 3192 tergoris,
3134 3121 3275 3171 tum
3302 3121 3370 3179 et

1859 3201 2209 3267 faciem'in
2242 3202 2345 3265 his
2394 3201 2699 3264 nonnihil
2766 3201 3199 3265 macilentam
3228 3248 3246 3277 ,
3300 3215 3372 3268 et

1860 3311 2160 3362 mentum
2204 3298 2505 3375 acutius,
2555 3296 2647 3359 ad
2692 3294 2865 3360 haec
2913 3297 3218 3360 additam
3293 3297 3367 3361 134

1860 3395 2007 3458 mili
2038 3412 2304 3479 προτομῃ
2345 3391 2844 3477 inscriptionem
2889 3392 3190 3455 nondum
3256 3412 3365 3457 ca·

1858 3502 2050 3575 ptum
2084 3507 2206 3573 per
2238 3488 2680 3574 adoptionem
2699 3486 3085 3550 TRAIANI
3120 3506 3364 3551 nomen

1856 3586 2210 3660 omittere,
2262 3585 2447 3667 quod
2483 3584 2840 3667 deincepS,
2888 3582 3005 3644 ubi
3042 3595 3245 3667 caput
3275 3581 3367 3646 est

265 3685 340 3748 in
362 3679 774 3743 Caesaribus
825 3682 954 3743 suis
1014 3684 1372 3747 Hadriano
1435 3680 1771 3762 objectat.
1852 3692 2157 3755 tantum,
2209 3691 2279 3742 et
2313 3697 2450 3742 non
2497 3680 2789 3764 amplius
2833 3696 2953 3755 ea,
3009 3695 3214 3760 quam
3265 3679 3363 3743 di·

258 3779 395 3865 post
419 3773 574 3839 hunc
604 3775 1039 3854 (Traianum)
1080 3774 1497 3875 progreditur
1512 3777 1779 3861 vir-pro·

268 3877 407 3939 lixa
463 3867 665 3937 barba
720 3869 1109 3934 venerandus
1160 3918 1176 3934 .
1232 3908 1254 3921 -
1301 3906 1333 3923 -
1416 3871 1599 3937 Hunc
1642 3892 1778 3936 cum

1856 3776 1971 3852 xi,
2038 3785 2394 3857 protome‚
2470 3788 2673 3858 atque
2760 3772 2927 3837 illud
3008 3773 3359 3859 pinguitie,

1858 3866 2231 3934 constanter
2266 3868 2465 3933 abest.
2564 3871 2649 3933 Et
2682 3858 2853 3932 haec
2894 3867 3166 3952 quidem
3215 3882 3356 3933 tam

252 3969 508 4057 saepius
547 3970 616 4029 in
672 3964 894 4035 coelum
947 3950 1152 4030 oculos
1202 3964 1612 4043 annuentem,
1692 3984 1767 4031 ac
1849 3965 2134 4051 capitia,
2187 3983 2389 4045 quam
2426 3964 2826 4050 epigraphes
2878 3961 3200 4049 peristasis
3233 3963 3350 4027 ob·

242 4065 485 4151 solicite
517 4061 751 4126 occulta
789 4061 1192 4144 inquirentem
1232 4059 1608 4147 conspexiffet
1649 4060 1764 4125 Si-

1845 4061 2148 4123 servatur
2188 4058 2463 4122 adhuc
2444 4080 2512 4122 in
2582 4058 2915 4122 nonnullis
2977 4058 3357 4122 consulatue

264 4160 477 4234 lenus,
524 4154 678 4244 quid
708 4153 927 4232 nobie,
978 4157 1115 4231 ait,
1163 4155 1409 4220 videtur
1437 4154 1768 4239 hiesophi-
1849 4156 1970 4218 111.
2017 4153 2261 4217 numia.
2359 4154 2464 4215 Ex
2511 4174 2646 4237 quo
2696 4150 3168 4230 manifestum,
3220 4154 3352 4237 pri-

200 4264 211 4273 “
242 4254 402 4341 sta?
448 4253 627 4315 Sane
651 4249 926 4327 constat,
976 4250 1399 4314 Hadrianum
1424 4247 1772 4334 sophistae,
1849 4251 1978 4312 mis
2017 4247 2398 4311 consulatus
2429 4247 2548 4311 111.
2594 4250 2786 4312 annis
2839 4258 3174 4309 retentum
3237 4246 3354 4310 ad-

266 4346 390 4411 nisi
438 4365 609 4429 quos
643 4357 922 4430 propter
955 4346 1285 4409 invidiam
1319 4330 1625 4407 acerbius
1654 4343 1773 4407 ha
1848 4344 1979 4407 huc
2017 4355 2316 4407 veterem
2358 4355 2426 4406 et
2466 4345 2744 4428 capitis,
2797 4354 2864 4404 et
2908 4342 3356 4423 inscriptionis

330 4555 390 4625 a)
427 4553 494 4617 L,
531 4552 740 4607 LXIX.
775 4553 807 4623 S
842 4570 898 4624 9.
1085 4550 1154 4619 b)
1189 4551 1252 4603 L.
1285 4550 1551 4606 LXVIII.
1588 4552 1618 4623 5
1662 4567 1740 4621 ¹⁵·
