4225 5450
1492 507 1957 588 CLAVD
1980 506 2216 588 1vs.
3274 522 3468 633 §330¹

911 708 989 775 N
999 728 1042 773 u
1064 725 1127 773 m
1146 709 1175 771 δ
1187 732 1213 773 e
1900 708 2238 777 Caumatis
2277 710 2621 795 perego-w.
3181 776 3186 780 ,

940 832 945 839 ·
1677 812 1684 819 ’
2183 808 2576 873 lOTAlAN.
2627 807 2896 872 NEAN.
2988 811 3415 888 rEPMAm.

2072 952 2087 959 -
2186 902 2394 965 KOT.
2437 898 2691 968 ΜΤΤΙ.
2741 903 2945 987 Caput
2991 909 3216 977 saraae.

1890 997 1965 1060 Γ.
2008 996 2430 1062 ΚΛΙΣΑΡΛ.
2469 996 2975 1065 ΣΕΒΛΣΊὈΝ.
3004 1002 3274 1069 MTT1.
3295 1002 3410 1074 'Ca-

393 1096 471 1161 In
507 1109 721 1158 aeneo
753 1090 806 1154 1.
863 1086 1129 1152 formae
1183 1090 1254 1153 in
1306 1089 1527 1154 uumis
1562 1086 1811 1153 fratris
1893 1090 2091 1175 ligata
2127 1088 2564 1177 velatusstam·
2593 1091 2658 1156 d.
2679 1103 2996 1177 pateram.
3098 1099 3244 1166 ΑΕ.
3296 1106 3410 1168 111.

296 1187 651 1275 Caligulae
712 1185 915 1268 supra
965 1184 1054 1249 ad
1103 1202 1355 1250 annum
1402 1182 1486 1248 V.
1546 1182 1622 1249 C.
1676 1204 1811 1266 790
1895 1185 2177 1271 (Seguin
2209 1187 2412 1248 Num.
2453 1183 2560 1248 sel.
2601 1207 2666 1271 p.
2720 1202 2874 1264 128.
2901 1192 3146 1271 Vaill.)

296 1284 634 1368 descripto
671 1278 887 1365 exstat
945 1280 1015 1343 in
1081 1278 1417 1344 consortio
1510 1279 1813 1345 sororum
1990 1281 2262 1344 Dicitur
2295 1280 2368 1342 in
2430 1279 2564 1343 hoc
2627 1302 2835 1346 numo
2905 1286 3078 1352 Iulia
3148 1292 3420 1380 junior,

293 1376 637 1465 adscripto
670 1375 947 1441 IVLIA.

292 901 634 975 commatis
681 898 949 967 Romana
970 921 994 964 .·

1891 1394 2052 1441 nam
2105 1373 2433 1461 superfuit
2493 1388 2643 1441 tum
2685 1379 2911 1445 adhuc
2979 1381 3156 1449 Iulia
3199 1386 3420 1455 senior

1778 1556 1785 1559 ‚
1892 1468 2088 1533 Drufi
2112 1474 2255 1552 jun.
2291 1468 2472 1547 filia,
2523 1483 2810 1558 utraque
2841 1475 3186 1544 subindea
3217 1480 3419 1548 Clau·

394 1567 572 1630 Item
612 1565 684 1629 in
721 1583 932 1631 aureo
969 1564 1291 1627 continuo
1344 1564 1440 1629 ibi
1513 1563 1809 1650 subjecto
1893 1567 2009 1629 dio
2049 1564 2266 1630 caesa.
2389 1565 2549 1630 Fuit
2609 1568 2821 1633 Lesbi
2877 1569 3158 1638 urbibus
3237 1581 3419 1643 ratio

290 1666 527 1748 juncta
564 1679 718 1725 cum
754 1658 978 1724 sorore
1018 1660 1415 1754 Agrippina.
1893 1660 2258 1724 dedicandi
2291 1659 2454 1724 huic
2497 1662 2717 1727 Iuliae
2769 1679 3116 1731 monetam
3145 1718 3168 1749 ‚
3265 1693 3421 1738 cum

1885 1767 2055 1821 nata
2090 1754 2299 1819 fuerit
2333 1755 2564 1833 inulae
2601 1758 2816 1825 insula
2836 1811 2863 1848 ,
2939 1776 3012 1827 ut
3093 1767 3416 1835 diximus.

1376 2044 1548 2111 ·Tl.
1676 2043 2300 2112 CLAVDIVS.

400 2226 625 2301 Natus
659 2233 973 2320 Lugduni
990 2231 1258 2298 Galliae
1288 2235 1375 2299 V.
1407 2233 1487 2298 C.
1513 2248 1657 2317 744
1679 2236 1813 2300 Ka·
1897 2232 2247 2320 Caligula,
2299 2234 2414 2319 qui
2448 2235 2670 2320 primo
2699 2237 2968 2322 imperii
3012 2263 3195 2309 anno
3262 2256 3408 2311 tam

298 2333 518 2397 lendis
551 2329 819 2416 Augusti
854 2342 1048 2415 patre
1081 2328 1300 2393 Druso
1339 2329 1619 2405 seniore,
1670 2350 1810 2395 ma-

300 2440 403 2491 tre
452 2427 833 2503 Antonia,
893 2425 1245 2508 dictusque
1322 2428 1424 2490 Ti.
1517 2424 1812 2492 mundius

298 2523 574 2609 Drusus.
626 2518 689 2602 ⁸)
741 2526 797 2585 A
835 2539 1049 2605 puero
1084 2521 1257 2584 inter
1281 2516 1593 2583 finistram
1621 2522 1809 2585 vale·

296 2619 642 2694 tudinem,
693 2628 986 2698 metum,
1040 2616 1351 2680 mulieres
1387 2615 1694 2696 Liviam,
1748 2628 1817 2680 et

298 2714 671 2779 Antoniam
696 2759 717 2789 ,
768 2726 834 2777 et
867 2711 1037 2776 viles
1072 2713 1509 2802 paedagogos
1568 2714 1812 2777 educa·

297 2820 408 2874 tus
451 2806 826 2895 stuporem,
880 2827 963 2871 ac
1007 2808 1388 2871 socordiam
1447 2808 1809 2893 praetulit,

298 2902 386 2968 lio
424 2915 504 2966 ut
536 2915 754 2967 mater
807 2923 957 2967 eum
1026 2916 1409 2989 portentum
1468 2902 1809 2981 hominis,

302 3011 370 3085 et
398 2993 445 3063 Β
478 3010 722 3063 natura
782 3000 1173 3062 inchoatum
1244 3010 1507 3061 tantum
1535 3047 1558 3082 ,
1628 3018 1709 3061 ac
1763 2999 1810 3060 a

300 3113 502 3177 quem
552 3094 761 3157 vellet
795 3095 1145 3157 locordiae
1187 3113 1508 3177 arguere,
1561 3091 1808 3157 stultio-

298 3209 444 3254 rem
492 3187 635 3251 filio
682 3190 795 3253 suo
840 3187 1134 3252 Claudio
1163 3189 1389 3251 dicere
1441 3188 1704 3252 soleret.
1741 3177 1809 3271 ¹²)

303 3264 533 3367 Quare
564 3284 902 3370 neglectus
944 3283 1035 3346 ab
1087 3283 1227 3367 ipso
1295 3281 1588 3367 Augusto
1642 3283 1810 3347 nihil

299 3391 574 3466 praeter
619 3392 989 3464 auguratus
1032 3378 1364 3442 honorem
1400 3375 1691 3456 abstulit,
1743 3390 1812 3442 et

286 3474 491 3542 heres
550 3473 803 3538 nonuifi
852 3477 1027 3537 iuter
1090 3475 1369 3551 tertios,
1445 3492 1530 3537 ac
1593 3494 1811 3559 paene

305 3582 668 3638 extraneos
705 3568 1001 3634 relictus.
1047 3564 1108 3651 ⁶)
1186 3569 1468 3632 Mortuo
1521 3565 1811 3654 Augusto

299 3665 552 3730 sodalis
606 3661 980 3749 Augustalis
1030 3665 1454 3743 nominatus,
1503 3655 1564 3747 ³)
1639 3676 1810 3727 cete·

256 3780 450 3830 ,rum
483 3779 526 3825 a
557 3772 807 3843 patruo
825 3758 1108 3822 Tiberio
1144 3758 1232 3823 ab
1263 3759 1601 3836 omnibus,
1634 3769 1810 3843 quae

297 3856 634 3941 petierat,
685 3854 856 3938 reip.
902 3853 1147 3918 muniis
1192 3855 1493 3920 exclusus
1542 3854 1811 3935 abjecta

293 3950 408 4034 spe
440 3949 784 4034 dignitafis
818 3949 959 4012 otio
982 3993 1003 4026 ,
1056 3946 1406 4027 ebrietati,
1458 3948 1810 4014 contuber-

294 4045 1039 4132 nio'sordidissimornm
1063 4042 1417 4110 hominum
1433 4043 1495 4110 se
1517 4044 1723 4108 dedit.
1744 4039 1807 4123 ε)

370 4311 425 4372 ι)
460 4308 607 4362 Suet.
648 4327 693 4362 c.
731 4327 780 4363 α.
853 4309 967 4362 Dio
1003 4310 1068 4362 Ι..
1104 4308 1226 4360 Lx.
1265 4308 1296 4375 5
1329 4324 1388 4376 5.
1522 4303 1580 4368 b)
1619 4303 1767 4358 Suet.
1804 4322 1847 4358 e.

292 4377 451 4439 Anu,
485 4379 537 4436 1.
569 4391 659 4448 54.
851 4380 909 4443 e)
945 4377 1093 4430 Suet.
1130 4393 1177 4429 c.
1209 4391 1269 4445 5.
1454 4373 1501 4439 f)
1539 4372 1689 4426 Suet.
1727 4390 1777 4433 e.
1814 4390 1870 4439 7.

297 4445 473 4515 Calig.
510 4463 555 4497 ο.
596 4463 680 4513 23.
744 4448 809 4498 in
845 4444 1038 4501 Claud.
1075 4462 1129 4501 e.
1156 4462 1209 4513 9.
1277 4437 1502 4513 loseph.
1534 4443 1669 4496 Ant.
1700 4441 1775 4496 1..
1806 4443 1968 4498 xlx.
2003 4461 2054 4504 c.
2094 4462 2140 4495 ι.
2177 4445 2210 4515 ς
2247 4460 2298 4498 2.
2429 4475 2442 4482 -

395 4521 585 4606 (Vnt.
642 4520 801 4598 VJ.)

1892 2328 2177 2392 mortuis
2221 2350 2307 2393 ex
2342 2329 2612 2395 familia
2640 2332 2782 2411 sua,
2835 2356 3042 2419 quam
3080 2342 3256 2405 vivis
3287 2343 3410 2408 ho.

1892 2444 2092 2488 nores
2127 2443 2362 2488 omnes
2411 2427 2689 2505 detulit,
2757 2440 3072 2512 patruum
3136 2428 3412 2523 quoque

1893 2519 2256 2583 Claudium
2296 2520 2577 2598 extulit,
2629 2536 2698 2585 et
2736 2524 2817 2586 V.
2855 2523 2934 2589 C.
2970 2549 3110 2610 79⁰
3138 2532 3206 2594 in
3243 2552 3412 2597 con-

1894 2614 2107 2679 sulatu
2142 2613 2418 2681 suffecto
2460 2616 2810 2704 conlegam
2847 2624 2898 2682 a'
2920 2622 3246 2689 Kalendis
3282 2628 3409 2695 Iul.

1890 2713 1962 2775 in
2004 2711 2208 2775 binos
2239 2712 2494 2778 menses
2552 2713 2875 2797 adscivit,
2950 2732 3019 2780 et
3070 2722 3411 2789 consulem

1889 2809 2136 2871 iterum
2174 2809 2243 2869 in
2275 2827 2523 2872 annum
2551 2809 2670 2871 IV.
2697 2811 3086 2896 defiguavit.
3110 2804 3164 2896 t)
3218 2820 3300 2884 V.
3325 2819 3407 2887 C.

1893 2921 2029 2986 793
2076 2900 2391 2989 Caligula
2427 2904 2557 2968 sese
2591 2905 2824 2968 lovem
2885 2907 3225 2974 La'tialem
3267 2912 3410 3001 {ap-

1889 2997 2155 3083 pellans
2195 2996 2558 3062 Claudium
2607 2999 3020 3067 Sacerdotem
3060 3003 3244 3070 suum
3294 3011 3405 3074 di..

1890 3093 2011 3156 xit.
2061 3089 2127 3173 ⁸)
2176 3094 2446 3158 Tamen
2472 3093 2590 3157 sub
2626 3091 2940 3182 Caligula
2969 3119 3241 3187 quoque
3258 3106 3407 3169 vul·

1889 3207 1980 3273 go
2016 3188 2364 3274 despectus
2395 3201 2678 3273 propter
2712 3187 3046 3277 stuporem
3083 3195 3239 3275 fuit,
3292 3201 3412 3271 sed

1891 3303 2066 3366 quae
2121 3284 2359 3369 opinio
2404 3285 2467 3347 ei
2497 3282 2694 3347 saluti
2730 3284 2889 3351 fnit.
2981 3290 3161 3357 Nam
3199 3296 3406 3361 caelis

1893 3398 1980 3476 ex·
2023 3375 2291 3443 familia
2325 3378 2444 3442 sua
2477 3379 2671 3443 sexus
2713 3382 2933 3446 virilis
2992 3380 3138 3450 fere
3186 3392 3403 3453 omni·

1892 3471 2065 3555 bus,
2115 3473 2230 3540 etii
2281 3476 2421 3559 ipse
2464 3494 2733 3559 quoque
2796 3477 2985 3542 vitae
3051 3481 3406 3550 discrimen

1891 3567 2152 3647 adivit,
2199 3583 2484 3653 propter
2511 3569 2863 3638 socordiae
2908 3576 3302 3658 opinionem
3334 3603 3404 3645 e-

1890 3657 2102 3740 vafit,
2167 3665 2498 3747 quoniam·
2564 3667 2817 3752 nonnisi
2884 3670 2956 3732 in
3031 3670 3402 3741 ludibrium

1889 3755 2276 3821 reservatus
2350 3757 2505 3824 fuit.
2557 3751 2626 3842 ιι)
2725 3760 2937 3829 Caeso
3001 3786 3163 3833 non.
3242 3771 3399 3838 Kal.

1891 3851 1948 3915 F
1951 3851 2087 3916 ebs.
2119 3855 2204 3918 V.
2240 3850 2315 3916 C.
2362 3867 2506 3935 794
2545 3855 2901 3943 Caligula,
2954 3882 3172 3950 eoque
3210 3868 3401 3930 terri-

1870 3941 2001 4012 ‘tus
2033 3949 2106 4010 in
2149 3948 2413 4031 palatio
2450 3948 2579 4013 sese
2620 3949 2920 4032 abdidit,
2990 3978 3225 4022 verum
3283 3961 3398 4024 de-

1890 4041 2251 4127 prehensus
2272 4064 2319 4107 a
2340 4056 2810 4129 praetereunte
2835 4051 3174 4137 gregario,
3206 4055 3396 4139 agni·

2215 4235 3405 4270 ,ια-Ἣ

1884 4322 1939 4373 3,
2010 4304 2127 4358 Dio
2161 4307 2198 4360 l.
2235 4325 2280 4361 c.
2321 4309 2352 4378 §
2387 4323 2440 4375 3.
2583 4309 2631 4377 e)
2667 4309 2814 4363 Suet.
2853 4328 2897 4365 c.
2933 4322 2986 4377 4.
3144 4313 3201 4379 d)
3238 4313 3392 4376 Tae.

2095 4377 2154 4444 g)
2190 4375 2303 4430 Dio
2337 4377 2408 4440 L.
2444 4375 2600 4439 nx.
2635 4378 2668 4448 ς
2710 4389 2795 4446 28·
3053 4379 3113 4448 Ιι)
3151 4380 3300 4438 Suet.
3334 4386 3406 4438 ia

2851 4493 3174 4611 Gg.'

1940 4703 2242 4854 NJ

4165 4489 4186 4626 2ssss*
4183 4411 4186 4472 4⁴-
4185 4245 4188 4256 -
4185 4221 4188 4226 ,
