4225 5450
876 500 1022 581 506

877 691 985 757 hu
1034 696 1401 760 memorari
1450 708 1741 761 meretur
1789 695 2112 778 sequens:

1147 788 1271 853 Vt
1307 792 1398 855 tit.
1441 792 1546 856 A
1626 828 1633 834 ·

873 880 950 946 P.
985 882 1083 947 M.
1130 884 1278 949 TR.
1313 887 1387 949 Ρ.
1449 884 1641 950 COS.
1677 884 1800 950 111.
1849 881 2159 967 Templum
2203 882 2381 968 disty-

873 974 1266 1052 1ιιιιι,ἰιιιι·α
1299 982 1469 1066 quod
1511 979 1808 1046 Hamus
1835 978 2038 1044 nudus
2084 979 2265 1063 stans
2317 977 2380 1043 d.

868 1071 1144 1150 clavam,
1195 1093 1371 1157 quem
1396 1077 1614 1143 maer
1641 1076 1843 1141 attera
1879 1073 2129 1159 afflans
2171 1093 2212 1136 a
2230 1071 2379 1136 dex

869 1168 1048 1246 teris,
1097 1167 1299 1235 attera
1327 1192 1369 1238 a
1496 1174 1650 1237 ris
1681 1169 1770 1237 ad
1778 1170 1851 1257 se
1874 1169 2146 1235 invitare
2172 1166 2380 1233 viden-

826 1329 837 1352 ,
867 1269 1012 1339 tur,
1059 1263 1239 1349 infra
1258 1270 1492 1353 figura
1503 1266 1719 1358 senilis
1764 1264 2136 1336 decumbens
2233 1265 2378 1328 AV.

873 1356 1078 1438 (Mus.
1123 1357 1340 1441 Caes.)

965 1453 1320 1523 Eximium
1375 1461 1572 1543 hujus
1625 1460 1813 1523 numi
1890 1469 2131 1542 typum
2192 1453 2381 1519 lubet

865 1545 1213 1617 Ciceronis
1294 1555 1493 1641 ipsius
1583 1555 1811 1619 verbis
1880 1554 2247 1639 explicare.
2318 1550 2379 1634 ⁸)

860 1645 1152 1728 Namque
1203 1648 1528 1715 Herculem
1588 1650 1953 1717 Prodicinm
2013 1647 2224 1715 dicunt
2238 1690 2260 1723 ,
2306 1656 2383 1713 ut

861 1741 938 1823 fi
970 1740 1145 1823 apud
1169 1742 1674 1829 Xenophontem,
1725 1768 1856 1813 cum
1880 1746 2160 1831 primum
2184 1739 2376 1828 pube-

845 1837 1081 1923 sceret,
1127 1844 1301 1926 quod
1326 1853 1569 1929 tempus
1609 1864 1650 1909 a
1679 1853 1919 1909 natura
1961 1839 2051 1905 ad
2103 1840 2371 1924 deligen-

859 1934 1041 2010 dum,
1091 1955 1276 2019 quam
1310 1943 1566 2025 quisque
1607 1944 1776 2004 υἱοιιι
1818 1934 2062 2004 vivendi
2111 1938 2201 2025 fit
2272 1934 2370 1997 in·

853 1978 1215 2116 greffierus,
1264 2037 1483 2102 datum
1511 2036 1611 2125 est,
1662 2033 1841 2124 exiffe
1872 2038 1940 2098 in
1956 2031 2374 2119 solitudinem,

859 2129 1098 2207 atquc
1149 2132 1504 2222 sedentem
1565 2130 1676 2196 diue
1696 2131 1901 2218 ficum
1917 2173 1940 2209 ,
2005 2127 2378 2212 multumque

855 2217 1149 2292 arabitae
1118 2245 1190 2306 e,
1242 2249 1375 2294 ειιιιι
1413 2227 1574 2293 duas
1634 2235 1907 2293 cerneret
1951 2226 2134 2301 vias,
2184 2242 2374 2289 anam

866 2311 1271 2405 Voluptatis,
1322 2324 1585 2390 alteram
1657 2321 1962 2389 Virtutis.
2062 2321 2239 2385 Vide
2286 2319 2370 2381 de

858 2410 1179 2484 Prodicio
1217 2422 1351 2485 hoc
1399 2420 1690 2484 Hercule
1726 2416 2286 2503 Xenophontem.
2309 2402 2374 2495 ¹’)

856 2503 1341 2596 Themistium,
1392 2523 1447 2594 ⁶)
1500 2514 2074 2597 Quinctilianum,
2148 2510 2369 2571 Maxi

857 2620 1044 2673 mum
1079 2612 1407 2695 Tyrium,
1459 2610 1809 2694 aliosque,
1861 2625 2030 2692 quos
2080 2603 2376 2668 recenset

856 2700 1171 2771 Porterus
1210 2708 1301 2770 ad
1345 2704 1711 2768 Clementis
1744 2697 2186 2767 Alexandrini
2203 2699 2371 2762 Pae-

858 2796 1108 2886 dagog.
1144 2800 1219 2866 L.
1253 2800 1342 2864 11.
1383 2817 1441 2860 c.
1478 2818 1580 2861 ιο.
1688 2802 1908 2879 Atque
1942 2796 2119 2858 hanc
2156 2793 2366 2857 subin·

858 2889 946 2957 de
978 2894 1287 2959 fabulam
1326 2894 1673 2980 eleganter
1704 2891 1905 2955 silius
1944 2889 2221 2955 Italicus
2277 2889 2366 2952 se·

857 2991 1037 3055 niori
1075 2989 1400 3056 Africano
1445 2988 1816 3075 applicuit,
1854 2977 1919 3068 ἆ)
1970 2987 2176 3049 serius
2223 3003 2366 3049 mo-

835 3088 1155 3153 netarius
1190 3085 1408 3152 noster
1432 3084 1857 3148 Hadrianum
1892 3101 2045 3146 cum
2076 3081 2368 3144 Hercule

834 3184 1292 3270 contendens.
1391 3182 1570 3244 Nam
1602 3191 1678 3242 ut
1722 3179 1833 3242 hic
1874 3176 2110 3241 averso
2142 3196 2186 3239 a
2234 3195 2366 3238 vo-

854 3281 1116 3372 luptate
1152 3280 1381 3341 animo
1421 3273 1748 3339 austerum
1803 3274 1987 3335 vitae
2027 3291 2235 3360 genus
2278 3269 2366 3334 est

858 3367 1241 3459 amplexum,
1295 3383 1362 3433 et
1390 3368 1621 3434 excisis
1643 3369 1889 3453 ingenti
1919 3367 2159 3432 labore
2180 3386 2365 3430 mon-

858 3468 1000 3533 stris
1048 3486 1286 3551 pacem
1323 3477 1654 3528 terrarum
1701 3461 1851 3526 orbi
1899 3461 2214 3538 restituit,
2267 3463 2363 3524 ita

836 3570 924 3627 'et
960 3558 1349 3626 Hadrianus
1382 3556 1779 3646 posthabitis
1814 3557 2145 3620 mollioris
2180 3558 2364 3619 vitae

853 3657 1190 3724 illecebris
1236 3656 1474 3720 maluit
1521 3673 1643 3740 per
1691 3651 2005 3736 insignem
2049 3652 2362 3715 laborum

852 3753 1288 3819 tolerantiam
1346 3768 1712 3861 peragrare
1790 3749 2024 3812 orbem
2105 3749 2360 3810 Roma-

742 3872 758 3885 ·
854 3869 1057 3929 ιιιιιιι,
1107 3860 1311 3932 atque
1345 3849 1415 3908 in
1464 3843 1726 3928 singulis
1782 3847 1920 3925 ejus
1990 3844 2363 3930 provinciis

854 3942 1178 4031 castigata
1211 3940 1585 4027 praesidum
1640 3941 1975 4015 avaritia,
2041 3939 2359 4018 judicatis

852 4041 1122 4118 litibus,
1190 4039 1417 4123 egenis
1454 4034 1825 4099 sublevatis
1879 4028 2361 4099 beneficentiae

846 4139 1005 4204 suae
1061 4131 1339 4219 vestigia
1363 4131 1784 4214 relinquere.
1932 4128 2358 4202 Hadrianum

916 4397 1681 4469 a)deOffie....L1e.32

839 4470 1309 4534 LXVUvao.

843 4561 913 4620 p
943 4551 1067 4604 414.

1866 4391 1935 4457 h)
1977 4392 2290 4450 Memor-ab.
2329 4394 2461 4448 Socr
2465 4407 2541 4459 at
2576 4396 2641 4450 L.
2676 4397 2755 4450 11.

1503 4468 1557 4534 e)
1598 4463 1673 4520 ad
1706 4464 1987 4538 Spartiian
2022 4460 2482 4537 {ideoq-13.

2003 489 2848 573 HADRIAst

2462 714 2590 778 per
2661 696 2839 779 ipsos
2891 714 3247 763 numerum
3292 707 3502 780 typos
3552 687 3768 782 saepe
3796 715 3917 762 curn

2468 789 2758 856 Hercule
2799 806 3276 879 comparatum
3333 792 3424 853 in
3475 790 3611 854 hoc
3677 803 3919 855 tractatu

2465 885 2796 963 vidimu83
2852 907 2940 953 an
2971 909 3139 954 vero
3193 885 3439 951 exstent
3481 887 3686 950 etiam
3739 888 3922 966 numi,

2467 982 2739 1060 qualem
2774 985 2835 1050 se
2868 987 3052 1071 apud
3090 982 3460 1070 praesidem
3491 981 3922 1045 Thuanutnvi·

2466 1073 2625 1139 disse
2710 1080 2810 1144 ait
2889 1079 3365 1156 casaubonus,
3417 1082 3470 1155 e)
3541 1076 3924 1161 inscriptumx

2465 1171 2678 1238 ΛΤΤ.
2716 1177 2802 1240 Κ.
2849 1176 3312 1240 ΔΔΡΙΑΝΟΕ.
3350 1171 3682 1238 CGBACI*
3685 1172 3799 1238 OC.
3851 1176 3930 1237 H·

2463 1263 2850 1336 PAKAHC.
2884 1271 3277 1336 ΡΩΜΑΙΟΕ
3297 1316 3315 1348 ,
3368 1280 3433 1331 et
3466 1268 3533 1330 in
3569 1286 3701 1351 quo
3739 1268 3927 1353 ipsein

2465 1368 2880 1429 ornamentis
2927 1364 3278 1430 Herculeis
3344 1363 3718 1449 spectatur,
3756 1364 3931 1427 valde

2462 1453 2731 1528 dubito.
2827 1460 3196 1525 Verisimile
3248 1458 3380 1538 est,
3451 1476 3723 1520 numum
3778 1458 3931 1522 hunc

2463 1549 2594 1615 effe
2640 1555 3050 1632 Commodi,
3132 1557 3244 1641 qui
3309 1554 3606 1620 Hercules
3655 1553 3935 1619 Romam

2462 1640 2684 1716 dietus
2727 1651 2923 1738 saepe
2976 1650 3064 1715 est
3129 1655 3197 1714 in
3245 1651 3465 1714 numis
3525 1662 3669 1712 tam
3717 1651 3935 1713 Roma„

2455 1742 2602 1821 nis,
2654 1754 2860 1831 quam
2902 1747 3217 1824 Graeci3‚
3288 1765 3679 1829 quanquam
3721 1763 3939 1809 revera

2458 1834 2533 1899 in
2570 1842 2798 1907 museo
2831 1842 3176 1929 Theupoli
3212 1845 3386 1906 inter
3411 1860 3654 1903 numos
3686 1841 3941 1904 maximi

2460 1936 2719 2000 moduli
2753 1958 2909 2024 pag.
2970 1952 3106 2018 778
3168 1937 3489 2001 recitetur
3557 1955 3830 2014 numus,
3875 1939 3939 1998 in

2458 2046 2597 2111 quo
2628 2032 2963 2097 Hadriani
3000 2045 3207 2121 caput
3229 2033 3442 2095 leonis
3464 2029 3661 2141 ‘pelle
3686 2050 3942 2117 cooper-

2455 2134 2599 2186 tum
2638 2127 2906 2206 dicitur,
2961 2125 3001 2189 si
3041 2129 3248 2192 modo
3284 2128 3606 2214 genuinus
3642 2129 3697 2189 is
3724 2139 3942 2212 putan-

2458 2217 2584 2284 dus
2623 2213 2736 2285 est.
2836 2223 3019 2304 Quid
3064 2222 3180 2287 sibi
3211 2222 3383 2285 velit
3421 2221 3899 2309 procumbens·
3880 2242 3946 2284 ιιι

2432 2319 2597 2394 ,imo
2676 2316 2786 2381 vir
2873 2318 3128 2397 senilis,
3199 2317 3370 2382 mihi
3453 2319 3949 2402 incompertum.

2455 2411 2773 2477 Fluvium
2804 2416 3139 2491 dicerem,
3193 2410 3235 2474 si
3281 2424 3398 2475 aut
3439 2412 3826 2477 arundinem
3847 2431 3949 2497 ge·

2457 2506 2695 2587 staret,
2749 2521 2869 2575 aut
2909 2528 3120 2572 urnae
3154 2528 3275 2592 pro
3317 2527 3503 2571 more
3536 2502 3953 2581 inniteretun

2456 2603 2565 2668 sed
2615 2621 2832 2689 neque
2891 2617 3035 2668 tum
3091 2606 3233 2686 eJus
3294 2602 3561 2667 causam·
3643 2614 3958 2674 tenerem.

2454 2699 2631 2763 Vide
2674 2700 2921 2776 etiam,
2977 2719 3112 2786 quo
3169 2710 3376 2786 pacto
3428 2698 3765 2762 Lucianus
3806 2715 3960 2761 ean·

2456 2791 2611 2856 dem
2663 2793 2972 2858 Herculis
3020 2795 3320 2865 Prodicii
3375 2793 3686 2858 fabulam
3744 2794 3960 2858 secum

2453 2900 2680 2952 actam
2724 2902 2977 2954 narrat.
3024 2879 3080 2974 f)

2757 2985 2825 3052 V
2823 2994 2853 3049 t
2887 2985 2981 3053 lit.
3022 2989 3086 3054 I.

2450 3080 2978 3145 PATIENTIA.
2998 3081 3417 3150 AVGVSTI.
3439 3079 3633 3145 COS.
3651 3079 3775 3147 111.
3814 3079 3964 3146 Mn-

2420 3178 2567 3252 .lt'er
2593 3175 2812 3264 fidens
2864 3174 2928 3241 d.
2985 3189 3320 3264 pateram,
3354 3180 3411 3266 s
3463 3179 3714 3264 hastam.
3814 3178 3966 3240 AR.
4038 3177 4045 3186 '

2408 3270 2734 3356 ⁶(Seguin
2781 3270 2913 3334 Sel.
2962 3295 3144 3338 num.
3187 3297 3253 3361 p.
3302 3270 3495 3356 150.)

2548 3365 2935 3453 Suspicatus
3011 3372 3302 3453 primum
3370 3367 3461 3431 est
3516 3342 3968 3445 VaiuantiuS,

2448 3460 2518 3538 in
2566 3463 2698 3528 hoc
2736 3461 3003 3547 Seguini
3053 3485 3255 3528 numo
3306 3465 3709 3529 vocabulum
3756 3461 3975 3525 CLE-

2450 3557 2813 3622 MENTIA
2856 3576 2900 3620 a
2932 3558 3207 3624 falsario
3246 3560 3572 3624 concinne
3617 3563 3685 3624 in
3716 3558 3983 3622 PATI-

2450 3633 2734 3716 E'NTIA
2774 3655 3376 3735 transformatum,
3430 3661 3824 3740 conjectura
3864 3674 3985 3717 ne·

2451 3768 2792 3832 quaquam
2866 3753 3230 3815 temeraria
3257 3798 3275 3827 ‚
3347 3752 3511 3835 quia
3583 3754 3655 3815 in
3745 3751 3993 3814 numis

2452 3844 2711 3906 utrovis
2737 3849 2945 3911 modo
2968 3846 3296 3932 inscriptis
3319 3847 3502 3909 idem
3530 3845 3617 3910 est
3646 3860 3900 3932 typus·
3921 3843 3996 3927 ⁸)

2452 3941 2538 4002 At
2578 3937 2833 4004 fatetur
2880 3939 3279 4019 Morelliu8‚
3343 3941 3617 4006 subinde
3671 3944 3998 4007 alterum

2448 4037 2588 4114 ejus
2620 4036 2810 4099 numi
2844 4035 3193 4121 exemplar
3224 4036 3599 4103 Vaillantio
3628 4037 4003 4125 obtigisse,

2451 4143 2519 4194 et
2554 4129 2643 4194 ab
2688 4131 2823 4196 hoc
2861 4131 3086 4196 museo
3142 4135 3330 4218 regio
3363 4131 3657 4211 illatum,
3713 4134 3793 4197 in
3849 4153 4009 4218 quo

2964 4398 3017 4462 e)
3056 4393 3212 4452 Orat.
3249 4396 3441 4449 xxn.
3673 4393 3745 4454 d)
3789 4395 4019 4449 Punie-

2654 4464 2699 4531 ἶ)
2734 4467 2792 4518 in
2827 4463 3076 4521 Somnio.
3270 4466 3320 4535 g)
3358 4466 3419 4517 in
3454 4465 3601 4518 notis
3637 4462 3716 4517 ad
3758 4464 4021 4533 Segnia.
