4225 5450
774 565 907 615 228
986 538 989 539 ⁷

870 736 1113 803 Vestae
1145 736 1363 809 cultus
1396 734 1749 822 Caligulae
1781 755 1866 799 ex
1904 738 2289 821 praecipuis

778 854 950 909 unus
978 832 1169 897 fuiss‘e
1215 835 1502 899 videtur.
1606 831 1784 895 Nam
1843 851 1997 895 cum
2056 832 2290 895 aviam

788 930 1155 995 Antoniam
1185 975 1205 1004 ‚
1256 929 1647 1010 sororesque
1683 927 1830 989 suas
1888 946 2131 991 ornare
2184 928 2290 990 in-

776 1026 1132 1099 tenderet,
1183 1025 1279 1086 eis
1340 1020 1702 1087 Vestalium
1750 1020 2044 1086 honores
2091 1022 2293 1106 largi·

780 1135 890 1185 tus
925 1117 1031 1181 est.
1087 1115 1149 1199 ³)
1248 1118 1377 1180 Hic
1443 1129 1648 1202 typus
1708 1117 1903 1203 saepe
1950 1119 2017 1181 in
2072 1118 2290 1180 numis

782 1214 1052 1283 Tiberii
1099 1224 1323 1279 aetate
1355 1212 1518 1274 culis
1558 1226 1950 1296 comparet,
2003 1232 2139 1296 quo
2177 1232 2290 1275 ve·

782 1309 1137 1377 rifimiliter
1185 1307 1664 1371 adumbratam
1728 1305 2233 1379 fuifl'eLiviam
2268 1351 2288 1384 ,

629 1458 649 1470 ,
782 1407 854 1473 in
892 1405 1087 1489 hujus
1130 1416 1407 1467 moneta
1459 1403 1778 1467 diximus.

1527 1498 1557 1530 ἢ

1350 1548 1381 1579 ἡ
1707 1548 1737 1581 *²

1073 1593 1310 1660 Eadem
1345 1593 1703 1679 epigraphe.
1809 1592 2010 1679 Caput
2035 1595 2291 1661 nudum.

788 1689 856 1765 S.
895 1689 973 1753 C.
1012 1694 1341 1775 Neptunus
1347 1693 1530 1776 stans
1567 1687 1630 1752 d.
1665 1687 2048 1772 delphinum,
2082 1691 2142 1776 s.
2170 1695 2293 1756 tri-

785 1786 1042 1853 dantem.
1147 1784 1292 1848 ΛΕ.
1341 1789 1423 1848 11.
1496 1784 1840 1861 (Morelli,
1889 1786 2291 1869 Theupoli.)

883 1883 1126 1965 Typus
1162 1877 1407 1942 obvius
1437 1880 1503 1942 in
1546 1880 1764 1943 numis
1806 1880 2290 1965 M.Agrippae‚

789 1984 989 2058 quem
1030 1989 1258 2039 tamen
1290 1986 1528 2059 typum
1567 1995 1700 2037 non
1749 1974 2052 2060 selegerit
2108 1977 2289 2040 sena·

784 2082 893 2135 tus
946 2072 1033 2135 ad
1102 2067 1575 2137 restituendam
1633 2071 1976 2155 Agrippae
2035 2072 2289 2135 memo-

784 2166 996 2245 riam,
1069 2186 1274 2251 quam
1323 2165 1604 2229 invisam
1668 2164 1859 2228 fuiss'e
1938 2164 2291 2252 Caligulae

782 2275 1094 2327 noverat.
1194 2262 1402 2327 Forte
1439 2265 1601 2345 quia
1653 2261 1999 2326 faventem
2050 2264 2293 2347 pietati

674 2354 687 2385 ²
782 2355 940 2423 suae
974 2359 1215 2425 habuit
1251 2359 1426 2421 hunc
1466 2359 1707 2438 deum,
1760 2375 1911 2418 cum
1951 2359 2042 2420 ad
2074 2370 2294 2421 trans-

784 2452 1104 2518 ferendos
1141 2457 1323 2518 circa
1350 2454 1484 2516 hoc
1520 2465 1782 2536 tempus
1836 2453 2108 2528 matris,
2161 2450 2295 2515 fra-

784 2560 1096 2634 trumque
1130 2552 1388 2613 cineres
1442 2566 1630 2609 mare
1671 2547 1990 2631 i’ngress'us
2024 2546 2108 2608 est
2135 2559 2298 2609 tem·

786 2642 1038 2728 pestate
1106 2645 1283 2724 adeq
1332 2642 1644 2717 turbida,
1724 2654 1798 2706 ut
1862 2662 1945 2704 ne
2025 2642 2297 2724 quidem

1957 532 2681 614 CALIGVLA.

2368 733 2534 811 lut,
2585 744 2660 795 ut
2688 729 2886 816 supra
2925 728 3200 793 dictum.
3301 727 3492 794 Astra
3515 729 3876 817 Augustum

2371 827 2692 892 fideribus
2720 838 3065 911 receptum
3126 836 3389 891 notant.
3504 826 3876 892 Liberalio-

2372 942 2480 986 res
2527 920 2774 987 Graeci
2805 924 2943 1003 ejus
2993 918 3202 1005 capiti
3246 920 3495 1006 septem
3544 920 3677 985 five
3719 926 3877 988 trio·

2376 1036 2533 1094 nes,
2611 1015 2742 1080 five
2801 1015 3114 1102 planetas
3182 1016 3732 1095 circumdedere,
3807 1030 3878 1080 ut

2373 1106 2758 1177 videbimus
2827 1109 3005 1175 infra
3055 1113 3125 1176 in
3209 1112 3429 1176 numia
3518 1114 3876 1179 commatis

2373 1208 2728 1299 peregrini.

2743 1397 2825 1466 V.
2882 1397 2948 1461 C.
3003 1415 3125 1483 791
3169 1402 3241 1465 P.
3286 1400 3372 1465 X.
3409 1414 3524 1481 33.

2381 1495 2518 1562 ΤΚ.
2553 1497 2632 1561 Ρ.
2678 1497 2740 1560 1.
2786 1493 2888 1561 II.
2927 1486 3109 1557 COS.
3146 1495 3347 1561 DES.
3391 1493 3627 1561 ITER.
3656 1495 3737 1560 P.
3774 1496 3880 1560 M.

2376 1689 2480 1754 M.
2514 1644 2754 1772 :Aquila
2808 1590 3503 1762 IuliagflsslfflNom
3573 1686 3887 1773 Asprena-

2825 1878 2832 1886 “
2885 1791 3248 1962 Ῑκεὶἴίιωὲ.
3283 1879 3362 1943 Ρ.
3477 1944 3486 1951 ,

2469 2071 2765 2135 Soaemo
2795 2089 3070 2155 regnum
3104 2066 3398 2133 Arabum
3433 2067 3886 2150 Ituraeorum,

2374 2166 2577 2246 Cotyi
2628 2167 3012 2229 Armeniam
3050 2166 3401 2244 minorem,
3452 2164 3883 2228 Rhoemetal-

2378 2264 2439 2324 ci
2479 2259 2737 2344 Cotyos
2776 2262 3099 2323 ditionem
3127 2305 3146 2337 ,
3200 2258 3552 2323 Polemoni
3583 2260 3885 2323 Polemo·

2382 2359 2483 2420 nis
2531 2356 2671 2418 filio
2707 2367 3058 2439 paternum
3111 2354 3385 2437 regnum
3435 2358 3786 2439 permittit.
3834 2362 3884 2431 ο)

2477 2451 2705 2515 Verba
2728 2452 2969 2514 Dionis
3009 2450 3185 2512 sunt.-
3236 2439 3299 2530 d)
3350 2451 3519 2520 Mox
3554 2454 3650 2515 ita
3679 2455 3890 2534 regios

2382 2566 2588 2611 mores
2604 2547 2857 2632 sumpsit
2885 2592 2902 2622 ‚
2946 2556 3019 2610 ut
3060 2546 3302 2620 omnia,
3355 2564 3511 2629 quae
3551 2555 3730 2610 tanto
3779 2550 3885 2609 im·

2375 2645 2537 2727 perii
2555 2642 2660 2727 sui
2697 2651 2963 2724 tempore
3009 2642 3333 2729 Augustus
3352 2688 3372 2721 ,
3423 2648 3482 2702 et
3546 2663 3620 2707 ea
3652 2642 3886 2728 quidem

790 2738 1058 2803 Silanus
1099 2739 1286 2801 socer
1343 2739 1762 2800 committere
1818 2737 1879 2799 se
1941 2737 2299 2801 discrimini
2365 2737 2722 2825 singillatim
2752 2737 2872 2823 fibi
2917 2737 3158 2801 decreta
3207 2741 3319 2801 vix
3398 2742 3625 2822 accepit
3651 2786 3671 2816 ,
3739 2759 3875 2823 quo·

680 2873 687 2881 -
792 2835 1113 2912 auderet,
1168 2834 1350 2914 quod
1384 2829 1595 2916 ipsum
1634 2832 1733 2895 illi
1781 2831 1995 2895 fatale
2041 2829 2195 2896 fuit.
2233 2820 2299 2912 b)
2381 2852 2521 2895 rum
2556 2835 2740 2894 etiam
2773 2834 3057 2896 nonnulla
3097 2832 3381 2895 Tiberius
3433 2837 3676 2897 omisso
3723 2854 3928 2916 recu-5

1526 2928 1554 2959 ἢ

1346 2977 1375 3008 ἡ
1422 3003 1431 3008 .
1702 2978 1731 3009 ἡ

1082 3023 1158 3088 C.
1214 3021 1585 3085 CAESAR.
1649 3021 1856 3085 AVG.
1898 3019 2177 3084 GERM.
2223 3021 2297 3081 P.

1086 3121 1183 3182 Μ.
1216 3118 1365 3180 TR.
1403 3117 1611 3180 POT.
1653 3119 1853 3203 Caput
1885 3116 2135 3180 nudum.

793 3213 1123 3295 s.P.Q.R.
1151 3213 1292 3277 OB.
1319 3212 1393 3278 C.
1415 3212 1477 3276 S.
1493 3214 1668 3280 intra
1683 3233 1970 3278 coronam
1986 3228 2304 3296 quer-nam.

797 3296 943 3371 AR.
989 3308 1192 3393 (Mus.
1225 3304 1457 3383 Pfau.)
1554 3307 1784 3372 Exstat
1816 3311 2023 3372 etiam
2058 3321 2310 3370 aeneus

706 3443 719 3453 -
800 3403 851 3468 Ι.
887 3423 1040 3468 cum
1088 3406 1218 3468 hac
1265 3401 1521 3468 aversa.
1577 3404 1929 3483 (Morelli.)

897 3501 1003 3563 De
1042 3491 1484 3576 ,hoc'aversae
1516 3511 1685 3584 typo
1727 3500 1887 3564 vide
1936 3516 2183 3562 annum
2219 3494 2306 3557 se·

804 3609 1143 3679 quentem.
1670 3595 1677 3610 ⁴

960 3776 965 3780 ’
1098 3785 1177 3851 ο.
1218 3738 1591 3856 CAE'SAR.
1618 3738 1828 3848 Av'G.
1883 3784 2164 3849 GERM.
2238 3786 2313 3848 P.

1097 3883 1198 3952 M.
1217 3882 1364 3953 ΤΒ,
1398 3881 1607 3966 ΡΟΤ2
1635 3878 1819 3943 COS.
1851 3881 2316 3968 Caputnudum.

810 3978 962 4046 Sine
996 3974 1354 4063 epigraphe.
1458 3977 1659 4060 Caput
1687 3977 1956 4066 Augaefii
1999 3976 2320 4044 radiatum

810 4081 978 4141 inter
1010 4075 1130 4140 duo
1168 4071 1354 4158 astra.
1455 4073 1629 4134 Av.-
1656 4074 1799 4136 AR.
1852 4074 2053 4158 (Mus.
2095 4072 2318 4159 Caes.)

916 4173 990 4235 In
1029 4171 1157 4234 hoc'
1197 4187 1402 4231 numo
1437 4169 1690 4251 primus
1727 4168 1790 4230 se
1828 4166 1993 4252 Caji·
2021 4169 2318 4232 consula-

660 4265 672 4276 ”
732 4245 742 4254 ⁸
816 4281 922 4331 tus
960 4265 1161 4330 offert
1193 4311 1213 4344 ,
1268 4284 1468 4348 quem
1510 4264 1826 4349 ingress'us
1874 4263 1960 4326 est
1998 4265 2322 4328 Kalendis

829 4571 860 4641 ς
893 4504 949 4638 Ξ)
988 4501 1098 4556 Dio
1134 4505 1197 4558 L.
1235 4463 1389 4567 er,
1427 4506 1458 4575 §
1491 4521 1545 4573 3.

1744 4463 1811 4573 m
1847 4504 1996 4564 Suet.
2034 4521 2081 4566 c.
2119 4519 2144 4604 ἒ
2151 4521 2186 4576 5
2224 4513 2278 4558 et
2315 4519 2397 4572 23.

2362 2927 2574 3008 savit,
2626 2926 2721 2989 hic
2752 2946 2876 2990 uno
2907 2927 3004 2991 die
3045 2929 3432 3010 arripuerit,
3483 2938 3732 2996 tantum
3765 2931 3887 2992 Pa-

2387 3025 2510 3086 tris
2550 3023 2820 3083 Patriae
2856 3027 3095 3087 nomine
3123 3071 3141 3099 ‚
3191 3043 3378 3108 neque
3426 3025 3625 3088 eodem
3656 3026 3891 3111 quidem

2386 3120 2455 3181 in
2489 3117 2738 3201 longum
2771 3128 3004 3203 tempus
3024 3121 3241 3184 dilato.
3345 3111 3723 3184 Comm'ode
3742 3140 3889 3184 cum

2390 3214 2613 3275 Dione
2661 3215 3041 3297 conspirant
3097 3216 3326 3292 numi,
3399 3236 3686 3299 quorum
3761 3237 3920 3280 non-

2387 3311 2635 3395 pauci,
2692 3329 2860 3391 quos
2935 3313 3278 3374 continuo·
3340 3311 3833 3375 recensebimus
3871 3358 3894 3388 ,

2392 3404 2770 3490 Caligulam
2805 3410 2942 3486 jam
2990 3410 3058 3467 in
3108 3408 3329 3490 prima
3377 3408 3526 3469 trib.
3571 3406 3895 3490 potestate

2389 3502 2658 3563 Patrem
2699 3503 2969 3565 Patriae
3015 3503 3403 3588 appellant,
3473 3524 3558 3565 ex
3609 3523 3900 3587 quorum

2393 3598 2568 3660 adeo
2607 3594 2986 3662 testimonio
3023 3600 3077 3659 is
3113 3599 3438 3661 honorem
3479 3600 3650 3661 hunc
3689 3597 3900 3662 abstu-

2391 3691 2473 3754 lit
2523 3703 2642 3753 aut
2707 3707 2989 3756 exeunte
3058 3713 3236 3757 anno
3285 3697 3761 3780 praecedente,
3789 3706 3905 3760 aut

2396 3788 2590 3848 initio
2644 3789 3032 3871 praesentis.
3135 3789 3266 3853 Sed
3326 3792 3637 3855 dabimus
3696 3793 3904 3853 etiam

2398 3903 2484 3945 ex
2549 3883 2867 3946 Morellio
2949 3886 3329 3968 quinarium
3409 3907 3740 3963 aureum,
3789 3886 3909 3968 qui

2399 3977 2574 4041 hunc
2613 3978 3141 4044 titulum-adhuc
3169 4002 3234 4042 m
3252 3984 3314 4043 T
3319 3983 3626 4046 R.POT.
3671 3981 3908 4045 ITER.

2403 4075 2691 4151 omittit,
2742 4096 2827 4137 ex
2875 4095 3008 4158 quo
3055 4078 3473 4160 sequeretur,
3527 4077 3908 4160 Caligulam

2401 4172 2595 4233 initio
2631 4171 3008 4256 tribunatus
3048 4173 3137 4236 11.
3176 4171 3291 4237 illo
3329 4176 3708 4258 praeditum
3746 4192 3911 4236 non-

2405 4267 2564 4329 dum
2609 4266 2819 4345 fuiffe.
2924 4267 3146 4349 Quam
3195 4286 3550 4333 numorum
3601 4268 3917 4332 discordi·

2624 4505 2670 4570 ο)
2709 4502 2822 4558 nio
2857 4504 2928 4558 L.
2960 4503 3117 4566 ux.
3153 4506 3184 4574 §
3227 4521 3304 4557 η.
3350 4470 3364 4480 ’
3569 4504 3628 4572 a)
3666 4505 3735 4561 L.
3772 4507 3921 4562 nx.
