4225 5450
1390 546 1514 624 M.
1558 658 1563 663 Ι
1608 545 2321 625 ANTONIVS.
3313 576 3411 652 m

290 753 565 817 demum
617 750 701 817 v.
752 744 833 814 c,
877 765 1059 832 722,
1112 764 1248 830 quo
1288 714 1573 831 uter-qud
1605 747 1813 812 mvir
1889 747 1984 812 11.
2033 736 2406 834 prooessit,
2472 747 2605 812 dici
2656 753 2885 837 coepit
2940 726 3163 822 'coa
3213 756 3442 824 Dm.-

286 860 487 933 rupta
532 842 916 909 concordia
964 842 1275 907 bellicum
1328 841 1566 905 sonuit.

1697 843 1809 906 Ad
1893 839 2130 908 TER:
2205 845 2275 908 Si
2315 862 2476 930 ergo
2515 844 2805 908 Atratini
2843 868 3057 912 annus
3120 857 3173 916 Δ
3232 856 3416 918 coin·
3532 920 3546 939 ⁸

281 943 455 1008 haec
498 961 661 1003 cum
705 942 774 1004 in
818 937 1156 1003 nonnullis
1192 957 1276 1000 ex
1317 936 1560 1001 horum
1609 956 1804 1023 gene-

278 1060 355 1102 re
390 1038 713 1100 videatur
785 1036 1148 1117 triquetra,
1201 1044 1494 1109 eertum,
1547 1043 1619 1094 ut
1661 1034 1802 1111 ait,

278 1132 565 1198 Siciliae
607 1129 986 1213 symbolum
1013 1174 1036 1205 ,
1088 1128 1248 1211 quin
1292 1139 1360 1190 et
1416 1126 1553 1214 ipse
1595 1125 1802 1191 Bibu-

274 1231 386 1294 lus
441 1226 723 1290 dicatur
757 1221 1115 1311 proconsul
1147 1222 1460 1299 Siciliae,
1513 1234 1581 1286 et
1634 1241 1803 1285 con·

272 1322 443 1401 stet,
486 1321 690 1406 ,pulso
730 1322 886 1387 Sex.
912 1319 1251 1404 Pompeio
1285 1317 1586 1381 Siciliam
1655 1336 1805 1380 om·

272 1440 440 1485 nem
480 1418 554 1479 in
586 1413 986 1501 potestatem
1050 1412 1415 1486 Octaviani
1493 1413 1739 1477 veniss'e
1783 1460 1804 1494 ,

275 1516 448 1599 quin
503 1512 717 1575 ullam
762 1514 903 1593 ejus¹
930 1521 1195 1595 partem
1233 1507 1568 1573 obtineret
1602 1511 1808 1572 Anto-

276 1612 481 1686 nine,
534 1605 894 1670 verisimile
930 1604 1181 1667 rursum
1216 1618 1353 1667 non
1398 1603 1562 1683 ess'e,
1613 1624 1807 1689 prae·

272 1716 473 1769 tores
518 1700 1059 1765 ali-Octaviano
1110 1696 1541 1777 constitutos,
1629 1718 1803 1782 quos

274 1803 460 1865 inter
489 1795 685 1860 fuitre
714 1795 1032 1865 Bibulum
1082 1813 1320 1858 numus
1377 1795 1617 1872 docet,
1672 1799 1802 1859 An·

275 1895 556 1961 tonium
589 1911 744 1955 cum
764 1890 1155 1976 Cleopatra,
1206 1889 1575 1976 praeterita
1596 1889 1803 1955 Octa·

275 1994 403 2056 via
426 2037 449 2068 ,
503 1987 789 2052 voluiss'e
824 1989 895 2050 in
928 1998 1205 2078 moneta
1240 2003 1646 2071 proponere,
1668 2004 1806 2049 cer·

274 2100 351 2152 ta
389 2084 770 2149 Octaviani
840 2081 1235 2147 ,offenlionm
1365 2079 1607 2144 Vultus
1634 2129 1655 2163 ,
1700 2084 1805 2144 in-

282 2183 473 2267 quit,
536 2178 583 2240 fi
624 2179 1040 2263 spectentur,
1088 2175 1452 2258 juvenilem
1489 2197 1641 2240 cum
1678 2180 1808 2240 An·

280 2278 482 2343 tonio
517 2277 951 2356 conjunctum
986 2272 1269 2337 ,omnino
1314 2267 1806 2339 referreOcta-

278 2376 614 2446 vianum,
670 2368 1097 2432 -muliebrem
1171 2377 1399 2429 autem
1471 2366 1808 2429 Octaviae

274 2467 473 2532 nullo
520 2477 729 2551 pacto
770 2463 1158 2531 convenire.
1260 2461 1604 2543 Quocirca
1664 2458 1806 2524 nul-

277 2565 427 2627 lum
466 2565 542 2625 in
595 2561 724 2623 hos
760 2578 1000 2630 numos
1030 2561 1143 2645 jus
1190 2558 1314 2620 effe
1359 2571 1476 2620 aut
1520 2555 1808 2641 Cleopa-

278 2673 479 2737 trae,
535 2669 657 2719 aut
707 2654 1138 2732 Caesarioni,
1166 2664 1310 2724 ⁴aut
1352 2652 1651 2738 Antyllo.
1705 2653 1807 2716 En

276 2757 555 2822 summa
594 2751 984 2816 Mazzoleni
1026 2751 1279 2835 capita.

374 2855 643 2917 verum
678 2850 745 2909 in
784 2847 915 2910 hac
990 2846 1121 2910 viri
1184 2845 1429 2909 eruditi
1492 2846 1807 2907 doctrina

280 2944 657 3029 complura
696 2911 1076 3015 videone}
1115 2940 1272 3003 satis
1311 2938 1625 3016 stabilita,
1643 2959 1806 3002 non·

276 3041 477 3108 naua
519 3040 729 3102 etiam
782 3035 979 3101 falsa.
1095 3037 1210 3097 Ait
1282 3035 1381 3111 1.‚
1464 3034 1809 3118 adversari

278 3137 710 3221 Cleopatrae
747 3145 1104 3216 tempora,
1155 3129 1400 3215 quibus
1449 3129 1523 3195 hi
1577 3128 1837 3216 lignati‘

273 3233 517 3306 numi3
568 3242 645 3300 at
680 3229 854 3293 haec
896 3227 1013 3292 ille
1053 3238 1406 3312 computat
1458 3245 1541 3289 ex
1596 3224 1809 3310 literis

231 3319 245 3333 ’
277 3327 616 3410 solitariis
654 3330 749 3403 A,
803 3328 890 3401 B,
936 3324 1036 3399 Γ,
1092 3328 1190 3400 Δ,
1242 3320 1482 3405 quibus
1523 3339 1659 3383 non
1691 3322 1810 3383 du·

276 3423 468 3490 bitat
490 3422 783 3485 indicari
818 3437 1034 3482 annos
1086 3414 1597 3504 praefecturae,
1668 3434 1807 3500 quo

277 3517 581 3586 admisto
642 3525 901 3580 certum
962 3513 1194 3598 utique
1266 3510 1444 3594 foret
1478 3559 1498 3591 ,
1565 3512 1811 3574 horum

272 3632 650 3682 mimorum
694 3609 1078 3694 complures
1123 3628 1299 3672 anno
1360 3605 1439 3672 V.
1496 3606 1571 3670 C.
1615 3627 1693 3688 7¹
1706 3627 1750 3691 5
1787 3653 1811 3689 ‚

274 3706 637 3776 conflante
670 3708 848 3771 adeo
888 3707 1061 3767 inter
1096 3717 1450 3787 utrumque
1488 3704 1809 3765 Illvirum

276 3805 638 3886 amicitia,
682 3802 878 3867 cusos
916 3800 1103 3864 ess'e.-
1169 3800 1502 3884 Exemplo
1534 3796 1667 3885 elio
1692 3819 1808 3860 nu-

276 3920 441 3967 mus
480 3900 533 3964 1.
580 3898 873 3962 Atratini
904 3915 1055 3959 cum
1090 3894 1288 3960 litera
1317 3899 1412 3971 Δ,
1463 3894 1596 3958 five
1629 3911 1810 3956 anno

272 3999 423 4063 lv.-
512 3992 863 4076 Quoniam
912 3993 980 4053 in
1013 3991 1146 4053 hoc
1205 4010 1410 4053 numo
1474 3990 1805 4052 Antonius

274 4094 537 4158 dicitur
570 4084 761 4155 COS.
813 4086 1003 4151 DES.
1058 4083 1297 4149 ITER.
1345 4077 1488 4148 ET.
1553 4084 1804 4165 TER„

264 4187 528 4275 ignari
577 4205 713 4249 non
745 4184 969 4270 potuit
1010 4178 1341 4265 posterius
1378 4197 1557 4258 anno
1594 4180 1679 4240 V.
1725 4177 1802 4242 C.

1888 938 2057 1001 cidit
2103 959 2257 1003 cum
2298 959 2478 1003 anno
2522 958 2706 1021 719,
2757 946 3010 1016 necell'e
3062 944 3189 1022 est,
3242 951 3408 1028 ejus-

1887 1035 2043 1096 dem
2078 1052 2325 1097 annum
2351 1040 2431 1117 A,
2466 1054 2669 1118 quem
2705 1034 2914 1100 habet
2947 1038 3190 1105 mimus
3213 1040 3400 1123 quin-

1885 1139 1994 1191 tus
2039 1131 2381 1208 Atratini,
2433 1129 2729 1192 incidere
2785 1132 2854 1193 in
2910 1152 3161 1199 annum
3213 1154 3410 1220 ,7155

1886 1244 2025 1307 quo
2053 1236 2363 1308 tempore
2393 1236 2611 1309 nupta
2656 1230 2955 1293 Antonio
3013 1236 3252 1294 recens
3314 1232 3405 1295 0-

1888 1321 2122 1384 ctavia
2157 1319 2569 1406 Cleopatrae
2611 1320 2679 1381 in
2714 1341 2872 1387 aere
2924 1323 3202 1407 publico
3265 1327 3409 1391 vul·
3483 1340 3488 1351 ¹

1887 1425 2034 1477 tum
2078 1418 2322 1481 merito
2359 1415 2679 1481 excludit.
2805 1422 2894 1482 At
2966 1422 3142 1484 enim
3201 1418 3411 1486 facile

1892 1508 2021 1593 est,
2071 1510 2433 1576 sententiae
2468 1510 2663 1592 hujus
2717 1508 3068 1579 fallaciam
3115 1513 3409 1581 ostende-

1888 1625 1984 1668 re.
2086 1607 2161 1685 ln
2201 1606 2517 1670 omnibus
2551 1608 2890 1688 Atratini,
2962 1594 3214 1696 Oppii,
3295 1613 3413 1679 Bi-

1888 1698 2031 1764 buli
2072 1703 2336 1784 numis,
2387 1703 2609 1784 quiin
2663 1705 2895 1769 antica
2955 1704 3210 1770 habent
3274 1708 3411 1771 tria

1887 1797 2158 1881 capita,
2206 1799 2278 1861 in
2309 1796 2558 1862 ,aversa
2592 1796 2993 1885 triquetram
3025 1849 3046 1883 ‚
3118 1800 3260 1864 alia
3329 1803 3406 1868 li-

1882 1907 2035 1965 tera
2073 1912 2210 1956 non
2241 1891 2519 1979 legitur,
2574 1913 2776 1976 quam
2813 1898 2902 1973 Γ,
2956 1918 3117 1983 ergo
3164 1916 3403 1973 omnes

1884 1988 1957 2052 hi
2005 1984 2338 2073 praefecti
2385 1987 2639 2050 nonnisi
2691 1992 2895 2055 tertio
2960 1990 3187 2077 singuli
3241 1992 3404 2058 suae

1889 2080 2363 2169 praefecturae
2413 2101 2592 2146 anno
2623 2086 2813 2150 velut
2863 2099 3052 2152 certa
3106 2091 3407 2177 quadam

1887 2176 2201 2263 praefixa
2258 2178 2493 2264 regula
2538 2181 2825 2250 eundem
2860 2181 2980 2246 fibi
3027 2195 3271 2268 typum
3311 2185 3406 2249 le·

1891 2274 2180 2358 gerunt?
2228 2273 2492 2337 Deinde
2533 2274 2601 2336 in
2672 2277 2984 2340 omnibus
3036 2282 3409 2342 eorundem

1889 2364 2396 2454 praefectorum
2456 2370 2713 2449 numia,
2796 2373 2911 2454 qui
2967 2368 3222 2435 habent
3288 2372 3405 2437 [in-

1891 2463 2193 2549 gularem
2227 2470 2467 2548 typum
2504 2463 2790 2528 duarum
2843 2464 3208 2551 figurarum
3258 2465 3404 2552 hip-

1891 2561 2254 2646 pocampis
2316 2571 2705 2638 vectatum,
2773 2560 2985 2623 exstat
3041 2561 3243 2625 litera
3313 2568 3406 2641 Δ,

1892 2672 2053 2740 ergo
2105 2654 2288 2718 idem
2331 2651 2596 2740 lingulis
2634 2654 2914 2741 ,placuit
2965 2668 3212 2741 quarto
3258 2660 3405 2722 ‘de-

1889 2769 2075 2820 mum
2129 2748 2606 2836 praefecturae
2649 2750 2805 2814 suae
2875 2771 3056 2815 anno
3088 2753 3118 2812 ’ἒ
3224 2751 3409 2835 Quid

1892 2864 2058 2909 vero
2105 2845 2344 2908 literae
2392 2849 2495 2909 ΔΙ.
2531 2846 2600 2907 in
2669 2863 2879 2909 numo
2934 2848 3085 2911 vn.
3145 2848 3410 2935 Oppii?

1889 2962 1976 3004 an
2015 2953 2083 3002 et
2117 2941 2275 3004 hinc
2314 2960 2562 3004 annum
2589 2943 2770 3005 XIV.
2813 2941 3157 3031 exsculpes
3181 2946 3211 3004 ’.θ
3262 2946 3409 3008 Ad-

1888 3036 2090 3098 vertit
2133 3034 2242 3098 hic
2301 3037 2518 3098 nodus
2577 3036 3097 3116 Mazzolenum,
3165 3031 3407 3102 verum

1890 3151 2041 3194 cum
2089 3131 2345 3195 solvere
2384 3130 2587 3195 facile
2646 3151 2782 3196 non
2838 3133 3096 3218 poll'et,
3149 3132 3404 3222 effugio

1891 3227 2041 3303 usus
2073 3223 2160 3288 est
2199 3246 2436 3311 parum
2467 3228 2740 3290 idoneo.
2777 3225 2846 3310 ²)
2939 3228 3201 3292 Harum
3240 3248 3405 3315 ergo

1892 3303 2240 3396 literarum
2277 3321 2524 3386 sensum
2567 3341 2785 3407 aeque
2830 3323 3162 3388 incertum
3191 3337 3405 3410 puta,

1893 3430 2098 3501 atque
2143 3437 2418 3495 earum,
2489 3438 2661 3502 quas
2711 3420 2782 3480 in
2837 3423 3065 3483 aeneis
3127 3420 3335 3508 Lollii
3381 3466 3406 3502 ,

1893 3524 2035 3575 tum
2076 3524 2146 3574 et
2180 3512 2444 3575 urbium
2479 3512 2823 3577 Thraciae
2853 3559 2872 3592 ,
2942 3514 3184 3604 Syriae
3210 3562 3230 3594 ,
3282 3515 3404 3579 ali-

1895 3627 2220 3692 arumque
2251 3611 2599 3692 regionum
2658 3627 2908 3696 magno
2955 3601 3237 3674 numero
3277 3611 3403 3674 ob-

1893 3703 2044 3766 vias
2091 3700 2444 3766 habemns,
2566 3705 2742 3768 Sane
2790 3707 2977 3768 numi
3035 3705 3404 3796 praesentia

1894 3800 2271 3884 argumenti
2315 3798 2499 3862 aliud
2552 3814 2804 3864 certum
2862 3802 3191 3865 natalium
3258 3803 3405 3866 suo·

1893 3913 2041 3955 rum
2071 3905 2342 3977 tempus
2374 3913 2506 3957 non
2545 3894 2971 3960 manifestant
2994 3943 3014 3975 ‚
3081 3915 3286 3983 quam
3324 3897 3405 3960 il·

1885 3989 2041 4064 lud,
2094 3988 2278 4073 quod
2331 4009 2418 4052 ex
2462 3994 2741 4080 antonii
2802 3993 3120 4077 inscripto
3176 3992 3400 4055 consu·

1885 4084 2031 4147 latu
2061 4083 2354 4170 petitur,
2433 4083 2746 4148 nimirum
2804 4087 2933 4150 hos
2992 4089 3180 4150 cusos
3247 4099 3404 4149 ante

1888 4180 2147 4260 aditum
2184 4177 2598 4242 consulatum
2641 4182 2726 4246 11.
2778 4184 2862 4247 V.
2914 4179 2988 4246 C.
3036 4201 3173 4262 720
3201 4226 3221 4257 ,
3263 4177 3398 4243 'ali-

277 4295 696 4367 719,‘'nam
738 4298 918 4344 anno
955 4277 1319 4361 proximo,
1385 4295 1522 4360 quo
1581 4273 1805 4352 consul
1888 4294 1966 4337 os
2005 4275 2346 4359 deinceps·
2470 4276 2766 4339 Vacillat
2823 4295 2982 4360 ergo
3044 4294 3394 4359 argumen-

348 4493 787 4580 &pas-1⁶8„

2663 4539 2673 4548 .
2851 4551 3013 4653 H'ss
