4225 5450
1656 614 2118 694 GALBA.

316 817 566 902 lignum
611 814 938 890 militare,
990 813 1096 875 cui
1141 805 1528 898 inscriptum
1567 796 1825 897 HIS'pa·

313 917 471 988 nia,
517 913 709 986 juxta
757 927 1039 993 porcus,
1092 908 1310 971 autin
1363 908 1516 970 aliis
1582 928 1827 990 porcus

314 1005 496 1090 signo
532 1005 808 1066 militari
846 1004 1088 1066 eodem
1127 1003 1373 1078 modo,
1426 1005 1596 1065 utin
1635 1022 1828 1086 prae-

317 1102 542 1181 sente,
592 1097 961 1182 praefixus..
1108 1097 1292 1177 Quid
1380 1099 1561 1178 quod
1630 1095 1830 1179 ipfius

286 1194 642 1270 -Cluniae‚
698 1213 833 1275 qua
864 1193 932 1254 in
969 1192 1130 1255 urbe
1171 1190 1463 1254 Galbam
1495 1192 1829 1253 acclama·

323 1302 462 1352 tum
506 1288 694 1350 fuiise
740 1289 1222 1372 imperatorem
1281 1287 1616 1363 diximus»,
1686 1284 1831 1346 inli-

323 1400 449 1468 gne
484 1383 610 1445 else
653 1401 976 1467 porcum,
1027 1380 1217 1490 hujus
1258 1380 1441 1443 urbis
1501 1381 1691 1445 numi
1732 1380 1834 1442 lu·

328 1478 588 1540 calente
629 1474 1119 1549 demonstrant,
1170 1477 1238 1537 in
1278 1473 1522 1558 quibus
1572 1477 1644 1537 id
1688 1476 1835 1538 ani·

274 1576 281 1581 “
328 1572 472 1635 mal
520 1575 586 1635 in
624 1573 858 1636 aversa
910 1582 1028 1634 aut
1071 1569 1275 1633 solum
1325 1576 1565 1655 typ'um
1616 1567 1832 1647 facit,

325 1680 445 1730 aut
479 1667 709 1731 saltem
742 1665 941 1730 instar
964 1664 1119 1749 [igni
1151 1664 1347 1728 ineufi
1384 1665 1694 1727 insertum
1724 1662 1832 1727 est.

324 1761 457 1825 Adi
526 1763 930 1825 Florezium.
1034 1763 1142 1825 Ad
1225 1760 1401 1823 haec
1481 1763 1834 1835 novimu33

327 1877 533 1941 quam
574 1857 770 1943 saepe
811 1856 1137 1939 Hispania
1183 1857 1253 1918 in
1304 1853 1566 1917 Galbae
1612 1856 1834 1916 numis

324 1962 758 2017 memoretur.
862 1949 1175 2014 Ceterum
1216 1950 1357 2034 ipsa
1419 1948 1643 2012 antica
1692 1961 1836 2011 tam

322 2067 446 2131 per
475 2046 887 2132 epigraphen
915 2093 933 2122 ,
988 2064 1191 2126 quam
1236 2057 1478 2129 typum
1516 2062 1642 2106 nos
1694 2063 1835 2105 mo-

322 2152 438 2205 net
464 2188 484 2219 ,
534 2144 663 2203 hos
698 2160 935 2202 numos
973 2138 1087 2201 sub
1130 2137 1355 2202 Galba
1401 2135 1591 2200 fuill'e
1636 2137 1836 2223 ligna-

321 2248 478 2311 ῑοε,
528 2250 685 2297 nam
731 2237 795 2296 in
835 2235 1032 2297 nullis
1082 2233 1356 2296 alterius
1394 2232 1665 2316 imperii
1718 2251 1836 2293 nu·

324 2332 457 2393 mis
496 2329 830 2392 Libertati
874 2330 1055 2414 spica
1076 2329 1410 2391 tribuitur.
1513 2327 1836 2390 Hancve-

322 2444 412 2489 ro
448 2445 490 2487 a
543 2423 766 2487 Galba
820 2422 1181 2486 restitutam
1221 2443 1353 2505 ope
1390 2422 1637 2486 Martis
1687 2440 1839 2483 cum

336 2520 629 2597 Vltoris,
682 2531 824 2581 tum
870 2518 1231 2603 Adfer-toris
1268 2529 1493 2601 partes
1563 2515 1837 2579 aversae

326 2615 714 2697 loquuntur.
789 2615 1017 2695 Quare
1054 2615 1278 2697 inique
1297 2613 1839 2695 Havercampus,

329 2710 449 2774 ubi
479 2711 544 2774 in
586 2710 712 2773 bos
763 2709 1086 2788 Morellii
1126 2718 1383 2772 numos‘
1425 2719 1836 2771 commenta·

330 2819 480 2882 tur,
533 2825 649 2867 eos
687 2807 751 2867 in
798 2806 1247 2881 Illvirorum‚
1301 2816 1368 2866 et
1415 2800 1683 2887 Augusti
1722 2821 1838 2864 ae-

330 2912 546 2963 tatem
580 2902 882 2967 retrahit.
981 2899 1350 2983 Singularis
1379 2897 1469 2962 est
1508 2900 1714 2961 etiam
1750 2897 1840 2976 is,

334 3015 534 3079 quem
582 2993 914 3078 postremo
965 2995 1120 3057 loco
1174 2992 1518 3078 descripfi‚
1556 3005 1649 3074 ‚et
1725 2993 1840 3074 qui

330 3088 459 3152 fuit
492 3090 659 3152 olim
688 3091 753 3151 in
795 3090 1017 3153 museo
1063 3088 1333 3152 abbatis
1378 3087 1717 3151 Rothelin.
1770 3086 1841 3149 Si

332 3187 520 3252 numi
604 3187 1084 3268 praecedentes
1200 3204 1355 3247 cum
1469 3180 1843 3267 epigraphe

276 3285 281 3288 ’
333 3279 608 3344 MARS.
659 3278 1147 3344 ADSERTOR
1186 3280 1563 3364 imperante
1618 3275 1842 3340 Galba

331 3375 475 3437 sunt
508 3374 765 3459 lignati,
817 3373 1095 3437 dubium
1137 3395 1268 3437 non
1315 3373 1604 3452 videtur,
1635 3375 1844 3435 etiam

336 3490 612 3534 numum
652 3469 1035 3552 inscriptum
1110 3466 1604 3532 HERCVLES.
1681 3467 1842 3528 AD-

336 3564 715 3627 SERTOR.
749 3583 899 3626 cum
930 3563 1609 3638 iisdemsociandtim,
1650 3581 1842 3646 prae·

335 3663 533 3744 cipue
569 3677 720 3720 cum
758 3660 895 3737 ejus
936 3660 1084 3740 typi
1131 3658 1563 3743 praeclaram
1602 3658 1846 3742 suppe-

336 3755 550 3817 ditent
617 3751 888 3813 illorum
953 3764 1333 3835 temporum
1419 3751 1842 3836 allegoriam.

320 3846 935 3929 *Quemadmodum
974 3848 1153 3910 enim
1192 3847 1515 3911 Herculea
1578 3868 1665 3910 ex
1725 3847 1843 3909 Hi-

230 4013 243 4022 ,
335 3943 571 4028 spania
602 3941 815 4002 redux
848 3939 1067 4002 occiso
1095 3939 1277 4005 Caco
1314 3942 1574 4005 latrone
1595 3943 1845 4025 septem

342 4038 550 4102 colles
583 4039 653 4098 in
684 4033 1066 4098 libertatem
1105 4035 1419 4111 adseruit,
1472 4035 1555 4098 lic
1593 4049 1661 4098 et
1688 4033 1844 4098 Gal-

340 4132 433 4196 ba
476 4153 561 4196 ex
596 4131 838 4195 eadem
875 4115 1199 4213 Hispan'ia
1236 4129 1541 4193 'reversus
1589 4131 1845 4209 dejecto

339 4227 611 4291 Nerone
646 4229 938 4290 Romam
977 4226 1219 4288 iisdem
1271 4227 1520 4309 septem
1560 4222 1848 4302 collibus

220 4327 227 4333 ’
339 4323 719 4406 impolitam
753 4321 1114 4398 liberavit,
1167 4318 1564 4401 effecitque,
1616 4330 1690 4380 ut
1724 4319 1849 4403 flo-

334 4436 474 4482 rere
506 4420 793 4481 Fortuna
824 4419 905 4484 P.
954 4417 1031 4482 R.
1077 4418 1316 4512 iterum
1357 4415 1703 4499 inciperet.

436 4512 642 4575 Forte
679 4513 851 4575 inter
879 4532 1122 4576 numos
1157 4512 1336 4590 illos,
1391 4511 1564 4594 quos
1607 4511 1850 4573 eodem

3299 635 3437 733 299

1919 813 2076 877 loco
2123 806 2482 875 Morellius
2520 808 2692 872 inter
2741 809 3037 872 incertos
3101 809 3383 874 exhibet
3419 857 3443 890 ,

1920 908 2147 971 adhuc
2171 905 2353 981 sunt,
2406 905 2520 989 qui
2565 905 2828 967 natales
2867 902 3017 966 suos
3038 903 3441 969 Galbaeim-

1920 1005 2116 1088 perio
2159 1001 2497 1074 debeant,
2547 1000 2661 1062 sed
2724 997 2935 1061 dubia
2991 997 3136 1060 sunt
3205 1019 3441 1063 eorum

1924 1096 2240 1173 criteria,
2291 1108 2356 1157 et
2389 1093 2681 1170 Vitellii,
2751 1094 3176 1175 aliorumque
3230 1095 3442 1179 impe-

1921 1203 2229 1254 ratorum
2270 1190 2483 1252 aetati
2529 1206 2663 1251 non
2707 1199 3110 1273 repugnant.

2327 1380 2525 1446 Numi
2570 1379 3038 1466 restitutionum.

2027 1476 2117 1538 Hi
2157 1476 2577 1539 recensentur
2633 1477 2702 1536 in
2753 1484 3052 1537 tractatu
3127 1474 3439 1562 lingulari

1930 1573 2016 1635 de
2049 1571 2267 1634 numia
2297 1570 2514 1655 buius
2552 1569 2819 1646 elassis,
2871 1588 3071 1652 quem
3137 1573 3445 1636 dedimus

1927 1668 2279 1732 volumine
2312 1666 2396 1731 V.

2219 1857 2421 1922 Numi
2467 1858 2785 1920 commatis
2827 1860 3170 1941 peregrini.

1969 1962 1978 1970 ’
2027 1952 2364 2036 Perpauci
2386 1950 2452 2011 id
2471 1969 2678 2034 genus
2697 1954 2884 2013 numi
2903 1952 3453 2038 propterGalbae

1930 2048 2139 2112 breve
2180 2044 2538 2129 imperium
2575 2044 2799 2107 adhuc
2819 2049 3095 2132 cogniti,
3127 2050 3449 2134 suntque:

2028 2141 2415 2224 populorum
2459 2138 2842 2205 liberorum.-

2023 2231 2402 2301 Antiochiae
2493 2234 2759 2316 Syriae.-
2829 2234 3007 2299 Em.
3067 2238 3447 2302 MOTKIA-

1932 2332 2139 2396 Nor.
2186 2329 2738 2394 ANTIOXEssN.
2782 2328 2936 2405 ET.
2972 2331 3126 2395 ZlP.
3166 2331 3452 2417 (Motel-

1930 2424 2033 2503 li.)
2084 2426 2168 2497 de
2213 2443 2349 2507 quo
2407 2441 2614 2485 numo
2657 2423 2748 2484 ad
2805 2421 3269 2488 stabiliendam
3311 2429 3451 2505 ejus

1933 2520 2119 2583 urbis
2160 2518 2495 2603 epocham
2531 2518 2804 2581 eximie.
2836 2518 3074 2584 valido
3125 2520 3448 2639 inhujus

1934 2616 2119 2678 urbis
2162 2626 2441 2677 moneta
2481 2615 2762 2697 egimus,
3537 2612 3542 2617 ⁴

2030 2711 2240 2795 Cypri.
2340 2709 2556 2793 Hujus
2590 2710 2774 2773 numi
2822 2708 2942 2774 alii
2999 2729 3152 2773 cum
3224 2712 3449 2796 capite
3583 2708 3588 2711 Ἴ

1933 2804 2198 2869 Galbae
2233 2803 2714 2878 inscribuntur:
2770 2805 3453 2871 K01NON.K’rn1²1-

1934 2905 2077 2965 ΩΝ.
2124 2901 2440 2965 ΕΤΟΤΕ.
2473 2905 2550 2965 Α.
2604 2896 3213 2984 (Vailt.More11i.)
3266 2904 3354 2963 At
3378 2900 3449 2963 in

1906 2996 2073 3060 'alio
2109 2993 2437 3077 Haymii·
2494 2994 2745 3078 (Thes.
2786 2995 2949 3057 Brit.
2988 2995 3073 3056 T.
3107 2995 3194 3059 11.
3240 3015 3311 3080 p.
3354 3014 3449 3057 m.

1937 3105 2098 3174 245.
2106 3089 2137 3174 )
2203 3092 2564 3155 KotNoN.
2628 3092 3051 3154 ΚΤΠΡΙΩΝ.
3131 3090 3452 3156 ΕΤΟΤΕ.

1933 3190 2005 3249 Β.
2110 3186 2427 3266 Εῐιιάἰιιιε
2467 3185 2689 3247 editor
2745 3203 2899 3247 cum
2980 3203 3196 3248 annos
3250 3182 3452 3248 binos

1934 3299 2350 3365 componere
2391 3295 2540 3342 cum
2575 3278 2823 3362 septem
2863 3277 3178 3342 menfium
3237 3281 3456 3364 impe·

1935 3377 2040 3439 rio
2081 3376 2424 3457 nequiret,
2474 3373 2564 3437 ad
2604 3387 2936 3458 concepta
2963 3373 3094 3458 pro
3127 3372 3451 3438 stabilita·

1934 3482 2004 3532 te
2036 3469 2303 3555 imperii
2340 3464 2604 3531 Galbae
2639 3480 2807 3531 vota
2843 3467 3172 3553 confugit.
3291 3468 3450 3531 Non

1938 3565 2235 3628 advertit
2280 3564 2577 3627 animum
2621 3565 2713 3627 ad
2770 3582 3012 3627 numos
3050 3560 3315 3627 Galbae
3363 3561 3450 3626 A·

1935 3658 2415 3734 lexandriu08‚
2469 3677 2755 3741 quorum
2798 3657 2917 3723 alii
2950 3661 3055 3734 A,
3105 3657 3226 3721 alii
3259 3660 3308 3723 B
3334 3677 3451 3743 pa·

1936 3755 2101 3816 riter
2135 3704 2467 3828 offen-uni,
2517 3752 2632 3816 sed
2663 3757 2849 3838 cujus
2898 3752 3276 3838 explicatus
3335 3773 3455 3818 co-

1937 3849 2183 3932 gnitus.
2301 3921 2310 3924 ,
2735 3853 2766 3902 ι

2035 3941 2431 4006 coloniarum
2459 3936 2645 4006 numi
2677 3944 2749 4007 hi
2778 3964 3049 4038 quoque
3088 3963 3176 4007 ex
3211 3925 3455 4008 eadem

1938 4037 2138 4098 causa
2173 4037 2332 4099 rari.
2435 4038 2786 4103 Habemus
2820 4039 3143 4117 Babbae,
3211 4037 3445 4104 Corin·

1934 4131 2072 4208 ihi,
2124 4131 2506 4194 Patrarum.

2034 4224 2462 4292 Alexandrina·
2503 4225 2723 4290 minus
2773 4227 2935 4291 rari.

2282 4417 2649 4482 Nomina
2775 4416 3112 4484 Galbae.

2034 4511 2314 4576 Praeter
2352 4515 2518 4597 jam*
2542 4512 2816 4597 cognita
2825 4513 3063 4696 5εὲωὲ
3076 4513 3340 4602 Sulpicii
3365 4516 3454 4581 le·
