4225 5450
1505 500 2242 579 ANTINOVS.

339 707 659 781 titianus,
712 716 780 768 et
826 704 882 766 is
920 714 1056 766 tum
1096 700 1329 765 urbem
1353 699 1631 764 Antinoi
1667 702 1846 766 aedi·

334 800 608 876 ficavit,
664 818 865 881 quam
906 796 1158 862 nonnisi
1197 795 1335 882 pofl
1398 802 1535 880 ejus
1591 796 1845 865 amafiii

334 907 625 959 mortem
674 892 864 955 fuiss’e
905 890 1262 955 fundatam
1300 892 1680 977 conspirant
1705 913 1849 955 om-

331 1010 498 1066 ιιεε,
556 992 793 1071 quaeri
837 994 980 1069 jure
1043 985 1289 1071 potest,
1359 1008 1474 1050 cur
1524 988 1847 1050 hactenus

3280 529 3424 593 539

1932 700 2206 784 quando
2284 699 2740 784 contingeret,
2809 705 2947 782 ejus
3005 705 3266 789 generis
3314 724 3432 765 nu·

1932 816 2113 858 mum
2154 815 2238 857 ex
2277 809 2499 857 terrae
2537 795 2815 861 latebris
2862 817 3238 883 emergere,
3291 811 3434 862 tum

1930 892 2203 965 hercle,
2258 903 2330 953 ut
2371 892 2596 975 suapte
2634 894 3052 957 manifestum
3095 894 3221 973 est,
3287 907 3437 957 tan·

1929 998 2071 1047 tum
2121 986 2699 1050 confirmabuntur
2732 992 2944 1054 verba
2979 990 3300 1054 Chronici
3347 995 3441 1052 A·

328 1104 573 1148 numus
613 1086 798 1146 nomi
841 1084 1238 1146 Antinoitae
1272 1128 1290 1158 ‚
1345 1103 1540 1166 quem
1607 1082 1881 1144 diserte-
1926 1081 2343 1155 lexandrini‚
2396 1096 2717 1164 quantum
2752 1099 3090 1171 evertet-ur
3121 1083 3443 1149 sententia

322 1182 500 1244 inter
553 1180 851 1264 Aegypti
906 1195 1146 1241 nomos
1211 1185 1553 1240 memorat
1621 1177 1841 1239 Ptole·

327 1295 610 1350 maeno,
665 1287 968 1359 repertus
1021 1274 1316 1352 nondum
1362 1272 1475 1350 fit,
1529 1292 1680 1335 cum
1743 1284 1843 1334 ta-

324 1392 485 1435 men
526 1372 593 1432 in
642 1371 771 1432 hac
818 1388 1171 1432 numorum
1219 1367 1414 1431 class'e
1475 1369 1844 1452 plerorum-

329 1487 460 1549 que
512 1465 891 1527 habeamus
963 1483 1320 1526 nomorum
1388 1484 1632 1527 numos
1694 1478 1845 1526 cum

329 1562 556 1645 capite
590 1561 921 1624 Hadriani
967 1561 1202 1622 addito
1241 1559 1318 1621 L.
1368 1561 1484 1623 IA.
1616 1563 1847 1623 Annus

329 1656 444 1727 hio
493 1656 824 1718 Hadriani
865 1657 977 1719 XI.
1053 1654 1549 1718 Alexandrinus
1592 1645 1848 1735 majore

331 1751 424 1813 sui
465 1763 656 1834 parte
697 1750 891 1813 fluxit
930 1771 1080 1813 cum
1129 1771 1308 1812 anno
1366 1755 1447 1816 V.
1508 1750 1582 1813 C.
1655 1764 1792 1824 880
1829 1795 1851 1825 ,

331 1866 495 1930 ergo
541 1848 1000 1929 quinquennio
1052 1842 1236 1929 post,
1290 1867 1492 1930 quam
1545 1859 1849 1909 mortuus

331 1946 800 2027 praetenditur
839 1944 1174 2004 Antinous
1205 1990 1224 2017 ,
1280 1955 1345 2003 et
1388 1946 1667 2004 condita
1711 1946 1847 2003 An-

255 2119 261 2124 *
340 2039 513 2099 tinoi
557 2037 759 2115 urbs,
827 2059 1042 2120 neque
1100 2039 1276 2102 adeo
1330 2036 1564 2117 juflum
1643 2034 1858 2097 defuit

339 2133 670 2215 temporis
755 2132 1086 2216 spatium,
1155 2154 1324 2214 que„
1349 2132 1652 2194 stabilitis
1716 2134 1854 2211 jam

289 2309 292 2310 ⁷
339 2229 776 2311 Antinupolis
813 2226 1016 2306 rebus
1060 2228 1233 2291 haec
1294 2248 1562 2311 quoque
1596 2226 1754 2288 urbs
1789 2239 1855 2288 et

337 2342 583 2385 nomus
614 2324 682 2383 in
723 2337 1039 2385 monetae
1075 2323 1269 2400 hujus
1303 2325 1733 2386 Hadrianeae
1755 2322 1851 2383 so-

341 2418 658 2480 cietatem
701 2421 1017 2503 potuill'et
1052 2421 1326 2482 vocari.
1445 2420 1623 2503 Ergo
1680 2417 1850 2479 haec

335 2512 481 2598 ipsa
521 2514 791 2575 omissio
835 2513 1235 2577 confirmare
1275 2514 1590 2591 videtur,
1659 2514 1850 2574 Anti-

339 2618 548 2672 noum
601 2628 780 2672 anno
837 2611 954 2673 XI.
1009 2610 1619 2673 Alexandrinorum
1681 2607 1850 2670 lucis

1929 1195 2123 1253 mea,
2179 1190 2245 1239 et
2285 1179 2486 1239 causa
2524 1180 2840 1267 conditae
2864 1184 3003 1260 J‘am
3055 1193 3196 1244 tum
3256 1183 3441 1244 Anti·

1929 1271 2202 1354 nupolis
2236 1272 2490 1335 necess'e
2518 1275 2644 1335 erit
2676 1275 3005 1352 confiteri,
3059 1297 3191 1340 non
3233 1279 3441 1341 modo

1933 1364 2349 1431 statuendam
2380 1370 2817 1432 maturiorem
2866 1372 3167 1454 aliquam
3201 1374 3442 1436 Hadri·

1932 1465 2043 1525 ani
2077 1464 2147 1524 in
2187 1466 2570 1549 Aegyptum
2619 1464 3111 1548 profectionem
3143 1516 3163 1546 ,
3230 1468 3338 1530 sed
3378 1479 3447 1531 et

1930 1561 2405 1621 maturandam
2475 1559 2673 1644 iplius
2711 1553 3017 1625 'Antinoi
3104 1576 3394 1626 mortem
3422 1611 3448 1645 ‚²

1931 1667 2170 1718 contra
2200 1673 2282 1717 ac
2308 1654 2504 1717 nobis
2528 1656 2816 1719 aliorum
2854 1673 3444 1722 monumentorum

1933 1769 2064 1832 ope
2102 1750 2313 1811 visum
2352 1748 2519 1812 fuit.
2612 1753 2837 1837 Magis
2893 1755 3095 1837 igitur
3134 1755 3445 1817 verilimi·

1930 1847 2014 1908 lis
2087 1846 2410 1906 sententia
2480 1847 2922 1929 Hieronymi,
3014 1853 3327 1933 quamvis
3380 1863 3447 1912 et

1939 1941 2111 2003 haec
2143 1942 2344 2003 >nimis
2391 1953 2726 2005 maturam
2765 1947 2902 2023 ejus
2938 1960 3229 2008 mortem
3260 1946 3445 2007 vide·

1939 2050 2089 2097 atur
2146 2036 2426 2100 dictare.
2545 2038 3021 2103 Tillemontius
3072 2041 3140 2101 in
3198 2059 3448 2102 annum

1937 2131 2271 2193 Hadriani
2310 2132 2493 2194 XVI.
2530 2135 2613 2195 V.
2656 2131 2731 2194 C.
2774 2145 2910 2215 885
2952 2134 3273 2212 inclinat,
3350 2136 3448 2197 ni·

1936 2228 2180 2288 mirum
2217 2247 2258 2307 q
2282 2227 2395 2289 uia
2432 2227 2590 2290 huic
2624 2246 2803 2290 anno
2839 2227 3172 2293 Hadrian'i
3219 2233 3286 2291 in
3319 2232 3449 2292 Ae·

1935 2334 2222 2404 gyptum
2250 2321 2746 2406 profectionem
2790 2324 3058 2388 adfixit.
3155 2327 3329 2387 Vide
3366 2326 3450 2386 de

1929 2417 2061 2478 hoc
2099 2428 2498 2501 argumento
2565 2417 2762 2501 plura
2835 2420 3031 2505 supra
3086 2421 3154 2482 in
3229 2420 3448 2482 numis

1931 2512 2303 2575 Hadriani:
2388 2513 2891 2609 ADYENTVI.
2943 2513 3151 2579 AVG.
3242 2515 3448 2577 ALE-

1931 2608 2429 2672 XANDRIAE.

345 2705 568 2768 adhuc
617 2705 918 2770 habuiss'e
957 2705 1242 2770 usuram.
1374 2706 1579 2790 Quod
1631 2703 1676 2769 fi
1726 2704 1853 2768 ali-

1618 2987 1838 3054 PR-E'
1860 2989 1971 3052 TI
1991 2987 2060 3052 V
2069 2990 2169 3062 M.

350 3188 686 3254 Commaus
730 3187 1000 3252 Romani
3022 3191 3112 3254 Ο.

354 3287 692 3355 commatis
735 3283 1058 3367 peregrini
1586 3342 1595 3354 ,

552 3378 994 3442 Coloniarum
1245 3415 1278 3433 -
1473 3412 1492 3425 -
1690 3407 1722 3422 ·
3032 3382 3120 3446 O.

546 3475 832 3536 Vrbium
883 3473 1253 3536 liberarum

547 3570 755 3630 Aurei
809 3580 875 3629 et
923 3570 1227 3651 argentei
1468 3605 1502 3621 -
3028 3573 3114 3635 O.

550 3664 763 3725 Aenei
814 3683 994 3728 max.
1044 3663 1311 3726 formae
3022 3660 3250 3731 RRR.'

599 3792 692 3806 --
797 3758 848 3821 Ι.
903 3770 969 3819 et
1020 3759 1102 3820 11.
1155 3757 1424 3822 formae
3024 3764 3170 3825 RR.

600 3887 697 3903 --
795 3854 917 3915 111.
970 3851 1236 3916 formae
3031 3859 3173 3922 RR.
3243 3854 3251 3862 ’

553 3947 998 4012 Alexandrini
2804 3992 2840 4007 -
3033 3955 3179 4015 RR.

1185 4169 1542 4244 FINIS
1642 4169 2413 4252 VOLVMINIS
2516 4177 2655 4257 VI.

1441 4459 2398 4508 ‘'m‘'
