4225 5450
165 870 169 873 ’
280 865 681 962 imperantis
722 869 1056 931 Hadriani
1092 888 1269 932 anno
1288 871 1479 946 XV.,

1411 511 2242 652 HADRI‘ANVS.

280 774 621 842 visendam
682 761 1100 857 profectum,
1166 770 1569 856 factumque
1625 771 1791 836 istud

1533 869 1663 932 [ive
1696 868 1793 930 se·

285 957 577 1028 cundum
612 983 851 1026 numos
885 963 963 1025 L.
1006 962 1107 1026 ΙΕ.
1206 963 1386 1049 Ergo
1434 983 1615 1027 anno
1658 963 1793 1026 hoc

287 1057 751 1123 Alexandrino
795 1057 1207 1136 Hadrianua,
1230 1071 1297 1119 et
1328 1058 1584 1122 Sabina
1600 1077 1795 1143 prae-

285 1154 501 1226 sentes
530 1150 775 1214 fuere
754 1172 821 1214 m
860 1155 1214 1235 Aegypto,
1268 1153 1383 1235 qui
1410 1199 1429 1229 ,
1505 1165 1577 1216 ut
1620 1152 1794 1238 dixi·

281 1267 460 1323 mua,
517 1247 745 1331 coepit
782 1258 1068 1310 exeunte
1101 1243 1390 1331 Augusto
1427 1250 1509 1310 V.
1531 1239 1602 1311 C.
1630 1258 1793 1326 883,

280 1344 361 1406 Ρ.
402 1343 486 1407 Χ.
546 1359 701 1424 ¹30·
815 1339 1122 1425 Amplius
1203 1352 1270 1402 et
1328 1335 1513 1405 diem‘
1565 1340 1799 1405 definit

281 1453 613 1511 marmor,
666 1454 909 1520 nempe
935 1448 1272 1518 quartum,
1325 1450 1390 1499 et
1410 1434 1795 1501 vicesimum

282 1529 525 1597 meniis
558 1529 796 1614 Athyr.
898 1528 1146 1613 Coepit
1198 1529 1309 1593 hic
1362 1531 1596 1594 meniis
1636 1529 1796 1592 anni

281 1623 607 1709 Aegyptii
660 1624 898 1698 tertius
943 1626 1014 1686 in
1075 1644 1254 1687 anno
1297 1627 1638 1690 communi
1684 1625 1795 1687 die

280 1718 597 1785 XXVIII.
675 1719 995 1782 Octobris
1056 1721 1215 1782 anni
1284 1720 1567 1799 Iuliani,
1635 1738 1793 1803 ergo

281 1825 567 1902 quartus
604 1824 671 1876 et
693 1811 1039 1876 vicesimus
1066 1812 1283 1896 Athyr
1312 1816 1626 1896 currebat
1642 1833 1794 1877 cum

284 1912 400 1974 die
419 1910 562 1973 XX.
598 1906 1005 1972 Novembris
1026 1955 1045 1985 ,
1099 1926 1235 1989 quo
1269 1909 1455 1992 apud
1489 1910 1796 1971 Memno-

281 2024 446 2070 nem
478 2003 611 2067 fuit
651 2002 931 2069 Sabina.
1059 2003 1163 2086 En
1221 2022 1306 2065 ex
1377 2000 1610 2065 illustri
1664 2002 1798 2080 hoc

282 2110 728 2164 monumento
760 2093 1030 2182 ¹tempus
1067 2099 1377 2183 proxime
1414 2094 1799 2174 definitum,

286 2213 430 2282 quo
465 2193 854 2257 Hadrianus
897 2194 967 2253 in
997 2197 1310 2277 Aegypto
1349 2192 1657 2277 praesens
1695 2190 1796 2253 fu-

279 2293 342 2355 it
370 2336 392 2366 ,
442 2288 755 2374 proxime
794 2286 1003 2349 etiam
1039 2287 1402 2351 accedente
1436 2286 1599 2349 divo
1640 2288 1799 2348 Hie·

284 2401 645 2466 ronymo·,
694 2375 763 2462 ⁸)
817 2399 900 2444 ex
945 2386 1128 2462 cuius
1180 2394 1403 2445 mente
1441 2382 1798 2460 Antinous,

282 2478 629 2545 Radriani
661 2480 729 2541 in
761 2479 999 2542 itinere
1043 2480 1386 2563 Aegyptio
1431 2495 1682 2554 cornea,
1731 2478 1800 2539 in

288 2579 614 2660 Aegypto
663 2587 966 2638 mortuus
991 2573 1081 2635 est
1116 2575 1201 2637 V.
1220 2571 1296 2636 C
1321 2585 1497 2662 882,
1550 2573 1634 2634 de
1664 2591 1801 2655 quo

284 2669 501 2744 vide,
575 2688 749 2752 quae
805 2668 1002 2756 plura
1036 2670 1346 2759 'dicemus
1399 2668 1467 2730 in
1528 2681 1805 2733 moneta

284 2764 595 2830 Antinoi.

392 2858 589 2921 Haec
648 2863 907 2944 pridem
998 2860 1422 2946 scripseram,
1474 2880 1627 2924 cum
1714 2863 1804 2925 ad

279 2958 539 3020 manus
588 2960 1125 3036 meas-pervenit
1166 2976 1336 3039 opus
1374 2957 1801 3037 praeclarum

285 3047 575 3130 Georgii
622 3050 887 3132 Zoe'gae
915 3092 936 3123 ,
988 3068 1124 3130 quo
1161 3049 1219 3109 is
1270 3050 1646 3131 Aegyptios
1687 3067 1800 3108 nu-

282 3162 445 3209 mos
498 3143 699 3205 musei
760 3143 1082 3224 Borgiani
1134 3138 1488 3203 illustravit
1533 3142 1803 3222 adjecta

292 3238 757 3304 dissertatione
790 3238 873 3298 de
903 3247 1213 3320 tempore
1250 3284 1269 3314 ‚
1323 3253 1460 3317 quo
1507 3235 1804 3301 Hadria·

286 3352 421 3401 nus
472 3334 543 3394 in
591 3337 908 3417 Aegypto
958 3328 1112 3397 fuit.
1232 3330 1397 3397 Non·
1438 3343 1640 3416 negat
1701 3332 1808 3394 vir

285 3425 663 3516 praestana,
716 3424 1139 3490 Hadrianum
1185 3445 1364 3490 anno
1406 3428 1673 3513 imperii
1708 3426 1808 3488 se.

286 3523 591 3590 cundum
634 3523 1130 3603 Alexandrinos,
1160 3523 1304 3587 XV.
1342 3520 1533 3585 fuiss'e
1579 3522 1647 3585 in
1682 3526 1807 3585 Ae·

284 3627 513 3706 gypto
543 3661 563 3692 ,
614 3621 835 3679 numia
883 3616 1355 3681 Alexandrinis
1409 3637 1560 3681 cum
1625 3636 1804 3680 anno

284 3713 401 3781 ΙΕ.
431 3759 451 3791 ,
505 3728 676 3793 quos
714 3711 910 3795 supra
941 3710 1242 3774 indicavi
1264 3758 1284 3788 ,
1333 3713 1534 3775 nimis
1570 3723 1803 3798 aperte

280 3806 465 3874 istud
509 3803 926 3877 docentibus.
1045 3805 1333 3882 Verum,
1407 3809 1590 3891 quod
1653 3807 1806 3870 aliis

287 3904 508 3969 etiam
537 3900 702 3963 viris
735 3900 1012 3963 eruditis
1051 3898 1366 3985 placuisse
1407 3901 1650 3978 video,
1700 3900 1805 3963 bis

289 4015 458 4064 eum
520 3998 588 4058 in
645 3999 1032 4081 Aegyptum
1097 3992 1477 4079 profectum
1537 3994 1806 4073 statuit,

286 4092 732 4181 primumque
784 4094 920 4172 ejus
965 4090 1093 4153 iter
1144 4108 1321 4153 anno
1394 4089 1659 4173 imperii
1719 4088 1806 4151 se-

284 4188 590 4253 eundum
641 4184 1134 4249 Alexandrinos
1180 4185 1297 4248 VI.
1316 4183 1615 4269 adfigit,
1646 4203 1804 4268 quo

290 4284 508 4348 etiam
547 4293 855 4365 tempore
896 4291 1236 4342 mortuum
1282 4280 1380 4342 ibi
1445 4278 1809 4343 Antinoum

3109 574 3126 583 ‘
3224 565 3358 660 491'

1877 770 2326 857 comprobare
2358 770 2609 835 nititur.
2709 769 3021 834 Fueritne
3059 767 3189 832 hoc
3235 771 3374 833 Ha-

1877 869 2097 930 driani
2136 869 2372 929 ineam
2402 868 2741 952 regionem
2789 869 2914 929 iter
2953 865 3250 949 simplex,
3286 885 3372 927 an

1880 963 2258 1046 geminum,
2310 960 2643 1047 disputare
2691 981 2822 1024 non
2867 961 3092 1040 lubet,
3143 980 3378 1021 verum

1880 1074 2186 1118 mearum
2218 1053 2343 1116 ess'e
2373 1058 2665 1138 partium
2702 1052 3026 1134 existimo,
3079 1061 3408 1148 evertere·

1879 1161 2342 1236 argumentum
2371 1154 2508 1233 ejus
2543 1149 3049 1231 validissimum,
3078 1170 3211 1231 quo
3249 1151 3380 1233 pri-

1880 1265 2102 1326 mum,
2174 1262 2255 1306 ac
2313 1247 2639 1308 maturius
2687 1245 3019 1307 Hadriani
3071 1247 3196 1306 iter
3256 1245 3380 1305 niti

1878 1339 2016 1422 ipse
2054 1336 2346 1405 testatur.
2444 1341 2545 1402 Ad
2595 1352 2730 1403 tres
2764 1339 2938 1402 enim
2980 1358 3217 1400 numos
3251 1331 3380 1400 A'n-

1876 1435 2051 1496 tinoi
2088 1432 2446 1496 commatis
2504 1433 2979 1510 Alexandrini,
3034 1454 3265 1497 omnes
3299 1433 3380 1516 L.

1883 1529 1964 1592 Θ.
2005 1539 2279 1591 notatoa
2308 1573 2329 1605 ,
2368 1548 2537 1612 quos
2577 1528 2740 1590 olim
2781 1530 2848 1589 in
2896 1529 3210 1612 catalogo
3233 1548 3379 1590 mu-

1878 1623 1965 1685 sei
2016 1623 2330 1686 Caesarei
2396 1621 2906 1708 descripseram,
2998 1636 3333 1706 provocat
3363 1672 3383 1705 ,

1878 1737 1964 1780 ex
2001 1738 2136 1803 quo
2176 1721 2320 1798 jure
2369 1720 2626 1800 arguit,
2680 1737 2828 1782 cum
2874 1721 3202 1780 Antinous
3245 1718 3385 1780 Ha-

1880 1813 2099 1874 driani
2133 1830 2370 1886 comes,
2390 1810 2658 1874 testibus
2696 1811 2801 1875 his
2841 1815 3057 1876 numis
3083 1826 3382 1876 mortuus

1876 1909 2018 1989 jam
2057 1905 2262 1968 fuerit
2300 1907 2368 1967 in
2407 1900 2720 1990 Aegypto
2747 1908 3209 1992 anno-imperii
3230 1910 3386 1996 IX„

1880 2003 2062 2061 numi
2087 1999 2201 2061 alii
2251 2000 2694 2064 Alexandrini
2743 2002 3164 2065 Hadrianum
3204 2022 3382 2066 anno

1879 2095 2024 2156 XV.
2076 2092 2266 2158 fuiss'e
2298 2098 2367 2159 in
2413 2101 2728 2181 Aegypto
2768 2094 3110 2173 testentur,
3153 2098 3383 2179 sequi,

1880 2188 1987 2252 bis
2034 2210 2186 2252 eum
2252 2191 2342 2254 ad
2412 2191 2588 2256 hanc
2662 2192 3003 2276 regionem
3083 2191 3382 2257 invifiss'e.

1880 2286 2130 2346 Verum
2163 2306 2312 2349 cum
2349 2286 2623 2350 eosdem
2652 2286 2778 2348 hos
2817 2305 3055 2349 numos
3081 2285 3382 2350 secundis

1883 2384 2056 2443 curis
2098 2383 2163 2444 in
2192 2401 2476 2446 examen
2517 2383 2923 2445 revocass'em
2948 2399 3029 2445 eo
3053 2394 3385 2467 tempore,

1884 2495 2018 2559 quo
2056 2477 2292 2540 eadem
2340 2490 2731 2563 argumenta
2759 2477 2844 2541 de
2903 2477 3239 2541 Hadriani
3275 2480 3402 2540 iti...

1879 2581 2081 2649 nere,
2134 2584 2201 2636 et
2233 2579 2451 2637 morte
2488 2574 2761 2637 Antinoi
2795 2586 3090 2636 tractare
3129 2576 3339 2659 ‘coepi
3366 2621 3386 2656 ,

1886 2688 2019 2733 non
2057 2667 2330 2731 obscure
2364 2671 2543 2747 vidi,
2607 2670 2961 2753 legendum
3024 2673 3251 2755 potius
3307 2669 3388 2736 L.

1887 2768 2049 2846 la,

1888 2861 2091 2923 musei
2139 2860 2340 2923 nostri
2370 2864 2588 2924 numis
2630 2861 2796 2922 nihil
2832 2861 3088 2923 habeat
3115 2864 3203 2924 ad
3235 2882 3389 2925 cau-

1884 2955 2023 3016 sam
2084 2956 2268 3016 suam
2337 2955 2642 3029 subsidii,
2697 2966 2763 3014 et
2837 2968 3118 3036 gravate
3169 2954 3424 3045 feram-

1884 3046 2064 3131 ipse,
2118 3065 2272 3109 mea
2336 3048 2743 3131 negligentia
2794 3048 2944 3108 viro
3008 3048 3171 3109 mihi
3224 3054 3406 3133 ami-¹

1886 3139 2151 3202 ctissime
2205 3142 2273 3202 in
2309 3161 2382 3202 re
2417 3142 2747 3227 gravioris
2799 3145 3128 3203 momenti
3203 3141 3391 3206 fuiffe

1884 3233 2166 3297 illusum.
2268 3235 2466 3317 Vide,
2519 3255 2692 3320 quae
2733 3237 2815 3299 de
2840 3235 2945 3298 his
2978 3237 3244 3298 Antinoi
3276 3258 3389 3299 nu-

1890 3331 2014 3393 mis
2047 3329 2118 3392 in
2156 3330 2353 3415 hujus
2393 3343 2682 3393 moneta
2702 3330 3032 3413 copioiius
3062 3332 3390 3398 differam.

1984 3425 2053 3488 Si
2092 3425 2558 3508 Hierony'mo,
2606 3414 2671 3507 ¹²)
2723 3437 2791 3489 et
2826 3422 3235 3489 cassiodoro
3303 3425 3391 3496 fi-

1890 3522 2057 3598 ἀρε,
2106 3521 2500 3585 Hadrianus
2547 3520 3030 3596 Alexandriam
3068 3541 3108 3581 a
3139 3524 3399 3587 Roma-

1891 3618 1993 3678 nis
2032 3610 2361 3679 vastatam
2402 3614 2677 3696 refecit,
2745 3629 2810 3689 et
2882 3614 3040 3677 teste
3102 3618 3397 3702 Vopisco

1888 3722 2128 3773 vetera
2168 3710 2529 3797 privilegia
2567 3708 2882 3786 restituit,
2937 3724 3004 3771 et
3057 3730 3239 3775 nova
3283 3715 3401 3777 ad-

1893 3804 2084 3867 didit.
2137 3801 2197 3883 e)
2344 3806 2420 3868 In
2504 3809 2744 3869 eadem
2817 3806 2979 3867 urbe
3041 3825 3191 3869 cum
3244 3831 3398 3894 pro-

1888 3896 2246 3961 fess'oribus
2308 3900 2657 3985 disputasse
2737 3900 2808 3962 in
2860 3900 3122 3978 museo,
3191 3908 3403 3969 tradit

1892 3993 2313 4078 Spartianus.
2415 3996 2603 4081 Typi
2651 4015 3006 4059 numerum
3043 4001 3400 4082 praesenti-

1893 4108 2005 4152 um
2051 4089 2391 4174 principes
2433 4091 2721 4176 Aegypti
2754 4092 2959 4170 deos,
3014 4105 3134 4155 aut
3163 4090 3399 4155 fertssi-
3421 4092 3424 4095 ’

1892 4186 2053 4247 tatis
2105 4186 2418 4281 cognitae
2460 4199 2861 4271 argumenta
2885 4188 3270 4265 exhibent,
3321 4206 3406 4250 ac

1893 4280 2268 4341 notandum
2312 4292 2710 4365 praeterea,
2763 4302 3105 4366 nunquam
3143 4284 3212 4343 in
3275 4302 3404 4345 nu..

274 4406 3391 4442 mm

364 4488 431 4555 a)
457 4490 529 4538 in
556 4485 850 4548 Chronico.
940 4512 953 4519 -
1038 4483 1172 4557 ὃ).
1209 4501 1256 4538 c.

1449 4487 1501 4553 a)
1536 4488 1603 4545 in
1631 4484 1939 4541 suumin
1963 4504 2011 4541 c.
2046 4497 2111 4555 a,

2668 4563 3022 4673 Qqqq

3143 4662 3182 4692 ἱ

2097 2777 2173 2827 ut
2229 2767 2405 2829 adeo
2457 2778 2696 2829 auctor
2730 2765 3130 2829 clarissimus
3167 2787 3252 2828 ex
3280 2767 3388 2829 his
3479 2764 3486 2773 ’
