4225 5450
1354 542 1474 617 M.
1556 540 2298 677 ‚Au'romva

260 744 470 809 viano
524 739 847 825 proditus
872 785 892 819 ,
946 750 1014 804 et
1050 759 1217 805 mox
1254 742 1405 808 neci
1439 744 1664 821 datus,
1707 745 1792 808 de

267 858 405 923 quo
442 836 605 901 vide
646 835 968 906 Dionem.
1023 835 1087 919 ⁸)
1139 839 1434 918 Verum,
1489 858 1637 903 cum
1680 840 1793 905 hic

262 932 474 999 Dioni
563 930 829 997 Publius
910 933 1216 1012 dicatur,
1269 955 1402 998 non
1458 935 1791 1014 Decimus,

269 1028 544 1108 coniicit
587 1027 1148 1112 HavercampuS,
1202 1029 1379 1101 hunc
1425 1028 1615 1096 fuiss'e
1665 1034 1793 1097 Pn-

268 1124 394 1189 blii
426 1121 741 1187 fratrem.
794 1111 858 1205 b)

646 1298 732 1383 V.
768 1312 833 1380 C.
860 1332 1004 1400 724
1033 1314 1125 1382 A.
1175 1318 1392 1401 X03o.

374 1505 808 1583 Octavianus
863 1508 1229 1573 Antonium
1283 1508 1353 1572 in
1411 1510 1623 1598 ipsam
1673 1513 1798 1576 Ae·

276 1618 573 1695 gyptum
619 1601 1025 1686 insequitur,
1094 1599 1486 1689 urgetque.⁴
1544 1607 1803 1693 Despe-

274 1716 448 1767 rata
484 1700 726 1777 venia,
778 1709 845 1760 et
897 1699 1176 1764 meliore
1226 1698 1503 1770 fortuna
1544 1702 1803 1768 violen-

274 1812 397 1866 tas
439 1794 578 1881 ipse
608 1792 722 1856 fibi
755 1812 995 1863 manus
1024 1795 1252 1861 infert.

376 1893 542 1955 Fuit
584 1890 688 1954 vir
722 1900 789 1953 et
835 1890 1245 1973 virtutibus,
1297 1906 1366 1959 et
1402 1897 1589 1963 vitiis
1626 1896 1805 1960 sum-

279 2008 497 2065 mua,
552 1984 637 2049 fic
678 1998 962 2063 tamen,
1014 1999 1088 2050 ut
1124 1992 1461 2078 principio
1514 2012 1805 2078 praeva-

278 2087 507 2149 lerent
552 2084 881 2159 virtuteS,
931 2082 1174 2147 deinde
1222 2088 1415 2152 vitia.
1539 2089 1704 2152 Inde
1767 2107 1815 2151 a

280 2187 643 2269 juventute
680 2176 765 2240 fic
808 2177 1074 2242 indulfit
1100 2182 1811 2269 οοιιιιιιίπειίοιιίδιιε,

281 2277 489 2362 incia,
539 2272 1085 2337 muliercularum
1113 2278 1485 2356 amoribu3‚
1537 2291 1612 2342 ut
1640 2277 1815 2340 haec

285 2373 617 2439 continuo
648 2369 1042 2454 reponeret,
1095 2390 1252 2436 cum
1298 2373 1466 2437 serio
1536 2373 1701 2461 quid
1742 2392 1817 2435 a·

289 2468 593 2558 gendum
640 2465 830 2529 ess'et.
920 2466 1099 2550 Ergo
1140 2465 1428 2532 idoneus
1484 2469 1814 2547 habitus,

294 2567 489 2645 cujus
531 2561 744 2638 fidei,
798 2573 867 2624 et
952 2560 1271 2626 consiliis
1303 2567 1402 2627 rei
1486 2565 1817 2629 summam

289 2661 499 2745 saepe
533 2658 992 2726 committeret
1040 2657 1095 2720 Ι.
1164 2657 1410 2724 Caesar
1438 2707 1457 2738 ,

292 2758 413 2826 illi-
436 2752 688 2822 finistro
724 2773 937 2817 cornu
972 2756 1042 2817 in
1078 2757 1226 2832 acie
1241 2754 1653 2835 Pharsalica,
1685 2777 1823 2840 qua

298 2855 389 2920 de
429 2853 723 2937 imperio
757 2850 1154 2919 ‚dimicatum
1224 2849 1332 2913 est.
1458 2851 1672 2918 Caeso
1725 2854 1823 2916 di·

299 2962 572 3015 ctatore
606 2941 847 3009 invasit
879 2964 1133 3030 remp.,
1202 2966 1341 3009 non
1410 2959 1555 3011 tam
1610 2947 1823 3011 ambi-

299 3048 535 3120 tione,
590 3061 791 3127 quam
832 3052 905 3102 ut
934 3038 1416 3126 intempestivis
1465 3042 1827 3122 conviviis,

302 3154 380 3205 et
409 3136 943 3204 liberalitatibus
995 3136 1295 3222 sumptus
1359 3159 1444 3202 ne
1512 3139 1879 3203 deessent.

294 3238 490 3304 Inito
556 3234 886 3298 Illviratu
920 3233 1120 3300 victis
1152 3234 1271 3300 sua
1331 3235 1525 3299 unius
1576 3237 1827 3304 virtute

296 3334 407 3406 ad
455 3330 812 3415 Philippos
852 3330 1067 3392 Bruto
1128 3340 1197 3392 et
1252 3328 1484 3394 Cassio
1550 3341 1828 3414 propter

299 3429 477 3496 belli
514 3425 859 3490 scientiam
892 3423 1081 3488 haud
1124 3424 1327 3490 dubie
1376 3427 1681 3513 principe
1730 3429 1828 3490 inv

304 3538 419 3594 ter
458 3522 759 3608 collegas
792 3521 946 3583 loco
970 3519 1219 3598 fuerat,
1265 3520 1380 3583 nifi
1419 3519 1831 3607 Cleopatrae

300 3620 553 3710 paullo
601 3614 743 3705 post
788 3617 1138 3680 amoribus
1200 3617 1494 3688 irretitus
1540 3620 1831 3701 impera·

300 3718 536 3784 toriae
570 3715 850 3777 virtutes
879 3761 897 3788 ,
950 3726 1017 3776 et
1065 3713 1417 3776 sanitatem
1459 3712 1674 3797 ipsam
1720 3714 1832 3775 de,

302 3811 670 3890 didicisset.
772 3809 968 3890 Quae
1016 3809 1077 3871 se
1122 3811 1290 3884 duce
1329 3807 1606 3872 subinde
1651 3805 1830 3896 gesta

298 3910 494 3987 sunt,
543 3901 822 3976 infauste
855 3906 1086 3968 omnia
1119 3906 1449 3981 cecidere,
1484 3915 1569 3965 ⁴et
1610 3904 1649 3966 fi
1672 3904 1836 3989 quid

302 3991 1085 4092 infigniter'patratum‚
1136 4001 1403 4065 suorum
1457 3999 1689 4076 virtuti
1743 3998 1832 4062 le*

310 4112 641 4189 gatorum
669 4146 691 4177 ,
743 4108 813 4160 et
850 4096 1231 4160 incredibili
1285 4095 1575 4159 militum
1621 4096 1693 4158 in
1769 4094 1834 4159 se

314 4195 670 4271 adfectui,
723 4192 1016 4276 fideique
1052 4192 1304 4258 debuit.
1437 4191 1835 4254 Extremum

318 4293 613 4366 alienati
648 4289 860 4355 animi
907 4291 1387 4378 documentum
1444 4287 1519 4349 in
1574 4285 1835 4372 praelio

1557 2662 1821 2726 credito
1846 2712 1861 2726 .

3319 567 3413 638 49

1883 743 1973 808 ad
2030 741 2305 807 Aetium
2355 742 2585 822 dedit,
2639 745 2914 828 quando
2951 744 3137 810 nullo
3187 746 3418 814 adhuc

1885 840 2205 927 graviore
2253 840 2697 903 incommodo
2732 832 3136 929 aceept0,'et
3161 843 3204 905 fi
3232 846 3416 927 quod

1887 937 2061 999 mari
2103 948 2462 1020 acceptum
2499 935 2706 1013 foret,
2759 948 2906 1009 tuto
2951 940 3040 1001 ad
3072 938 3418 1023 legionum

1887 1031 2097 1095 robur
2147 1029 2507 1116 perfugio,
2559 1031 2750 1095 facto
2798 1054 2855 1103 a,
2893 1032 3268 1117 Cleopatra
3286 1032 3415 1101 {u-

1820 1184 1855 1209 γ,
1887 1147 2013 1212 gae
2052 1128 2249 1191 initio
2275 1127 2411 1212 ipse
2445 1129 2766 1193 continuo
2807 1129 3075 1215 praelio
3108 1129 3418 1217 excessit,
3485 1104 3510 1183 0'

1892 1225 2388 1333 imperiumque
2431 1222 2660 1301 orbis,
2710 1244 2840 1310 pro
2879 1244 3014 1308 quo
3068 1227 3296 1291 totius
3325 1224 3416 1295 02

1886 1319 2119 1382 rientis
2160 1319 2337 1382 vires
2376 1319 2668 1398 excivit,
2726 1332 2793 1383 et
2824 1319 3055 1382 salutis
3093 1322 3417 1406 propriae

1889 1413 2245 1479 arbitrium
2331 1414 2606 1479 aemulo
2661 1402 2979 1502 permisit,
3094 1415 3254 1497 Ejus
3317 1416 3417 1495 vig

1887 1523 2029 1575 tam
2075 1508 2418 1593 eleganter
2456 1509 2708 1594 scripsit
2754 1507 3156 1573 Plutarchus
3193 1556 3214 1588 ,
3267 1526 3417 1575 tum

1890 1606 2090 1671 varia
2120 1607 2305 1691 apud
2339 1606 2674 1685 Dionem,
2727 1604 3154 1691 Appianum,
3195 1606 3420 1670 alios

1893 1723 2024 1787 que
2097 1692 2413 1767 historiae
2495 1701 2577 1775 R
2635 1702 3036 1812 scriptores,
3114 1719 3419 1772 coaevos

1892 1799 2059 1862 item
2115 1790 2428 1860 auctores
2461 1798 2780 1881 reperies,
2832 1815 3020 1880 quoa
3036 1795 3212 1859 inter
3246 1815 3417 1862 cave
3459 1844 3466 1849 ·

1897 1892 2302 1959 Ciceronem
2349 1893 2637 1971 audias,
2704 1893 2821 1978 qui
2890 1893 2961 1955 in
3009 1890 3421 1977 Philippicis

1896 1989 2016 2053 fibi
2053 1989 2346 2072 denique
2373 1986 2700 2053 fatalibus
2758 1990 3034 2074 privato
3088 1984 3253 2052 odio
3297 1989 3419 2051 du-

1899 2098 2045 2151 ctus
2099 2103 2300 2150 veras
2338 2084 2618 2149 Antonii
2647 2084 2894 2149 laudes
2926 2083 3375 2147 dissimulavit
3400 2128 3423 2165 ,

1897 2182 2069 2246 vitia
2103 2192 2225 2244 aut
2275 2179 2604 2258 adfinxit,
2658 2180 2876 2245 autin
2928 2184 3147 2261 majus
3200 2181 3422 2247 auxit.

1995 2278 2262 2339 onres
2345 2272 2770 2339 illustriores:
2860 2274 3257 2351 FVLVIA,
3339 2266 3419 2343 P.

1902 2370 2132 2435 Clodii
2160 2372 2493 2456 primum,
2558 2372 2714 2434 dein
2798 2368 3110 2434 Curionis
3179 2371 3419 2434 vidua.

1901 2467 2008 2531 Ex
2055 2486 2141 2529 ea
2177 2469 2323 2530 nati
2374 2468 2473 2530 M.
2540 2464 3046 2545 ANTONIVS,
3144 2463 3429 2528 Graecis

1903 2560 2389 2647 ANTYLLVS
2416 2607 2437 2638 ‚
2459 2618 2466 2629 .
2491 2563 2578 2625 ab
2600 2562 2987 2626 Octaviano
3021 2560 3254 2624 caesus
3288 2579 3429 2631 non

1908 2658 2024 2722 diu
2060 2656 2629 2744 patri-superfuit.
2729 2659 2888 2742 Ejus
2926 2661 3143 2720 vitam
3200 2670 3270 2720 et
3310 2676 3430 2719 nu-

1908 2774 2095 2822 mum
2128 2753 2330 2818 infra.
2370 2756 2708 2819 dabimus.
2809 2751 3076 2817 IVLVS
3141 2751 3429 2826 ANTO,

1907 2849 2111 2914 NIVS
2141 2871 2190 2914 a
2224 2852 2485 2915 victore
2515 2869 2650 2914 non
2686 2851 2985 2916 servatus
3033 2849 3273 2920 modo,
3317 2847 3432 2916 sed
3481 2877 3490 2880 ·

1909 2944 2287 3013 honoribus
2327 2947 2534 3009 etiam
2573 2959 2857 3029 anema,
2908 2946 3152 3008 vitiata
3190 2942 3431 3016 Caesa,

1910 3042 2005 3104 ris
2047 3040 2193 3103 filia
2229 3041 2408 3106 Iulia
2450 3044 2756 3105 exitium
2773 3042 2891 3112 fibi
2935 3042 3330 3134 maturavit.

1918 3195 1929 3204 .
2015 3133 2426 3199 OCTAVIA
2468 3138 2834 3206 Octaviani
2875 3136 3111 3213 soror,
3131 3155 3249 3200 ex
3295 3155 3473 3217 qua·

1912 3247 2117 3308 natae
2161 3231 2594 3295 ANTONIA
2618 3236 2912 3313 major,
2945 3244 3163 3317 nupta
3215 3230 3474 3304 Druso·

1910 3328 2224 3395 seniori...
2281 3328 2441 3409 Ejus
2533 3329 2718 3391 numi
2761 3327 2943 3392 infra
3026 3324 3172 3413 post
3227 3324 3437 3399 ,Ιιιιιισ

1910 3425 2202 3489 Drusum
2245 3424 2717 3488 describentur.
2820 3423 3246 3487 ANTONIA
3310 3425 3444 3500 mie«

1913 3539 2041 3584 nor
2087 3520 2166 3586 L.
2214 3519 2527 3592 Domitio
2575 3509 3046 3584 Ahenobarbo
3083 3520 3341 3599 juncta.

1904 3701 1912 3705 a
2015 3613 2565 3688 CLEOPATRA
2605 3616 2900 3699 Aegypti
2964 3616 3219 3700 regina.
3319 3613 3429 3681 Ex

1912 3711 2046 3775 hac
2082 3711 2265 3783 nati:
2313 3709 2874 3789 ALEXANDER
2936 3719 3002 3772 et
3039 3707 3473 3780 CLEOPAq-

1914 3807 2102 3869 TRA
2196 3804 2464 3890 gemelli
2516 3852 2539 3884 ,
2623 3817 2691 3869 et
2787 3802 3436 3871 PTOLEMAEVS.

1918 3900 2290 3986 Cleopatra
2325 3899 2534 3964 Iubae
2567 3900 2654 3964 11.
2729 3913 2945 3987 nupta
3003 3903 3155 3964 Iuos
3201 3900 3444 3964 ‘habet

1913 4015 2184 4074 numoS,
2219 4015 2390 4080 quos
2427 3996 2587 4072 vide
2609 3998 2686 4059 in
2721 3999 2943 4062 numia
2979 4015 3212 4077 regum
3241 3997 3438 4057 Mau·

1914 4092 2237 4156 retaniae.
2336 4091 2496 4172 Ejus
2565 4090 2850 4154 arbitrio
2912 4091 3218 4177 permissi
3288 4089 3480 4152 Ale·-

1876 4181 2211 4265 axa‘nder,
2266 4199 2334 4250 et
2366 4184 3112 4252 Ptolemaeusfratres.
3132 4188 3191 4261 ‘)
3242 4188 3436 4261 Vter}

1918 4304 2049 4369 que
2086 4285 2307 4348 numis
2348 4283 2545 4346 certis
2592 4295 2813 4360 caret,
2866 4302 2953 4360 ex
2994 4297 3278 4364 quorum
3319 4297 3440 4355 nu·

297 4417 3453 4458 ‘affl—mm

400 4505 456 4562 a)
491 4483 556 4552 L'.
596 4501 694 4561 LI.
736 4500 766 4569 §
804 4511 857 4562 8.

342 4585 353 4594 ‘
435 4576 638 4661 (Vol.·
678 4574 842 4660 VJ.)

1050 4493 1227 4568 b)'ad
1261 4493 1486 4549 Metelli
1521 4493 1650 4549 sam.
1691 4511 1752 4568 p.
1789 4509 1886 4560 24,
1940 4475 1947 4484 ⁸

2071 4493 2127 4562 ι)
2167 4490 2302 4544 nio.

2996 4559 3057 4628 G
3161 4650 3172 4661 .
