4225 5450
243 4401 535 4462 ,numos
574 4394 771 4459 DIVI
810 4392 1078 4481 Augusti
1114 4390 1454 4478 propofifa
1478 4439 1497 4468 ,

1488 514 2229 652 AVGvsTva.
3269 588 3410 669 ης

300 787 424 849 ue,
478 772 546 837 in
594 788 731 854 quo
789 767 865 835 C.
900 771 980 838 A.
1019 770 1196 834 intra
1240 769 1586 856 lauream,
1637 775 1810 837 veri

296 869 600 931 [imiliter
643 866 1014 931 Caesareae
1054 866 1380 951 Augustae
1432 869 1810 933 Trachoni-

295 964 500 1047 fidis,
554 976 851 1046 quartus
889 974 955 1024 et
1003 962 1273 1045 quintus
1356 962 1809 1047 Caesaraugu-

298 1056 470 1136 stae,
525 1072 594 1121 et
632 1058 969 1120 Patriciae
1016 1056 1438 1120 coloniarum
1502 1058 1811 1141 Hispani-

295 1172 402 1216 ae.
501 1153 609 1216 De
644 1153 865 1237 primo
901 1149 1077 1214 forte
1114 1151 1519 1216 dubitabunt
1556 1153 1806 1236 aliqui,

294 1268 493 1332 quem
530 1259 896 1333 propterea
926 1244 1039 1310 hic
1074 1247 1444 1312 describam
1499 1247 1807 1329 subjectis

296 1341 919 1424 observationibuS,
974 1354 1047 1405 ut
1080 1342 1310 1433 spero,
1362 1361 1497 1405 non
1557 1342 1804 1406 inutili·

297 1437 444 1503 bue.

589 1532 962 1597 CAESAR.
1002 1532 1276 1597 PONT.
1323 1533 1545 1599 MAX.
1581 1534 1651 1597 ln
1681 1534 1803 1599 ali-

584 1631 687 1693 is:
738 1626 1108 1691 CAESAR.
1143 1626 1641 1693 AVGVSTVS.
1678 1630 1807 1693 DI·

585 1724 699 1786 VI.
737 1723 816 1787 F.
868 1722 1192 1789 PATER.
1237 1724 1657 1793 PATRIAE.
1685 1727 1802 1792 Ca·

578 1829 696 1904 put
730 1820 1094 1885 laureatum.

294 1918 526 1982 ROM.
561 1917 700 1978 ET.
744 1912 954 1978 AVG.
993 1914 1145 1979 Ara
1172 1915 1335 1976 inter
1375 1913 1533 1980 duas
1579 1916 1800 1982 Victo-

292 2016 433 2078 rias
473 2012 597 2099 bafi
630 2012 965 2099 insfimtae.
1070 2010 1210 2073 AE.
1264 2028 1445 2076 max.
1485 2014 1668 2079 mod.
1692 2012 1804 2077 vel

294 2109 347 2172 1.
396 2109 481 2170 11.
526 2106 660 2171 ΠΙ..
680 2104 967 2168 formae.

392 2203 784 2283 Antiquarii
816 2202 1200 2263 differentes
1252 2201 1336 2264 de
1387 2201 1608 2264 numia
1651 2200 1798 2276 hie,

280 2299 415 2382 ¹qui
456 2296 770 2360 omnibus
839 2298 907 2358 in
948 2296 1189 2359 museis
1258 2296 1450 2360 obvii
1501 2293 1685 2373 sunt,
1737 2306 1805 2359 et

290 2396 485 2476 cujus
517 2394 781 2476 generis
821 2390 1187 2475 postremus
1225 2410 1376 2454 cum
1421 2393 1646 2477 capite
1669 2392 1802 2453 Ne-

289 2489 479 2551 mnis
518 2484 703 2548 estin
748 2488 976 2549 museo
1026 2486 1394 2561 Caesarem
1467 2486 1537 2548 in
1571 2486 1803 2550 varias

293 2582 527 2646 abiere
566 2581 942 2644 sententias.
1043 2583 1141 2644 Ne
1182 2582 1510 2644 incass'um
1541 2581 1807 2668 longior

295 2677 413 2741 fim
440 2725 459 2754 ‚
489 2677 665 2740 -satis
704 2676 837 2742 esto
892 2696 1168 2753 eorum,
1223 2679 1340 2763 qni
1371 2673 1659 2741 nostram
1699 2697 1806 2742 ae·

290 2787 510 2838 tatem
570 2773 853 2857 propius
911 2774 1336 2856 contingunt,
1404 2773 1806 2858 Schlegelii,

298 2881 371 2932 et
419 2869 881 2953 Havercampi
912 2869 1170 2949 judicia
1216 2866 1490 2932 referre.
1519 2866 1581 2949 ⁸)
1632 2871 1809 2934 Vtri·

286 2983 434 3049 que
469 2963 918 3026 indubitatum
963 2961 1085 3041 est,
1139 2983 1371 3026 omnes
1405 2964 1534 3026 hos
1566 2983 1807 3028 numos

286 3059 339 3123 s
318 3071 588 3144 gnatos
627 3059 926 3134 Romae,
978 3070 1052 3120 at
1105 3058 1485 3143 discrepant
1531 3060 1597 3120 in
1638 3058 1827 3122 defi-⁴

286 3155 571 3242 gnanda
613 3173 847 3217 eorum
867 3152 1152 3239 publice
1191 3151 1594 3238 [ignatorum
1636 3173 1808 3219 cau·

286 3251 393 3317 sa.

398 3344 810 3429 Schlegelius
854 3291 1108 3419 censet,
1136 3360 1243 3405 'ex
1270 3342 1391 3406 his
1440 3346 1659 3407 numis
1706 3345 1800 3409 fa·

286 3444 393 3506 tis
424 3439 745 3527 probari,
796 3440 963 3503 vivo
1012 3440 1218 3501 etiam
1263 3439 1551 3525 Augusto
1587 3443 1657 3504 in
1684 3461 1805 3503 ‹ur-

286 3539 393 3602 be
457 3536 865 3599 dedicatam‘
900 3553 1090 3596 aram
1114 3580 1137 3609 ,
1201 3546 1276 3598 et
1318 3535 1687 3620 templum,
1726 3548 1824 3598 et·

282 3632 560 3697 iactum
590 3628 760 3694 istud
804 3629 989 3694 circa
1031 3648 1282 3692 annum
1324 3634 1414 3696 ·V.
1476 3629 1557 3697 C.
1620 3644 1747 3710 741
1784 3679 1804 3709 ,

284 3747 455 3794 cum
504 3729 574 3789 in
622 3745 862 3792 ‚numo
945 3722 1266 3810 Augustus
1340 3730 1476 3808 jam
1515 3727 1803 3790 ’PONT.

280 3823 529 3890 MAX.
567 3823 868 3898 dicatur,
923 3822 1201 3905 quin-ex
1243 3822 1397 3889 Sex.
1450 3822 1632 3885 Rufo
1706 3843 1801 3885 re-

244 3920 568 4006 ‚gionem
609 3936 877 4000 quoque
912 3918 1240 3999 nominat,
1290 3918 1358 3980 in
1402 3937 1538 4002 qua
1577 3918 1806 3982 sacrae

269 4014 458 4079 illae
497 4012 702 4075 aedes
745 4010 994 4076 stetere.
1028 4009 1034 4016 ’
1097 4016 1187 4074 At
1221 4014 1399 4075 enim
1463 4011 1806 4097 Augusto,

279 4108 629 4194 quamdiu
667 4108 736 4169 in
772 4109 948 4178 vivis
987 4117 1170 4180 erat,
1216 4107 1457 4169 nullos
1510 4106 1804 4170 honores

283 4204 574 4271 divinos
600 4202 884 4267 habitos
922 4204 996 4266 in
1035 4198 1239 4284 urbe,
1272 4200 1532 4284 *procul
1592 4201 1802 4265 dubio

277 4297 429 4379 est,
483 4303 1170 4384 cujusargumenta,
1243 4299 1386 4377 jam
1464 4296 1664 4381 supra
1710 4298 1801 4360 ad

346 4607 421 4674 ·a)
450 4604 537 4659 sul
570 4604 814 4660 morellii
848 4604 1031 4677 Impp.
1070 4606 1139 4659 T.
1163 4607 1321 4679 .1..p.
1357 4621 1460 4675 335
1498 4616 1550 4658 et
1581 4621 1707 4674 341,

1891 784 2121 860 petere
2159 787 2293 835 non
2333 780 2556 835 vacat.
2659 766 2837 857 Ergo
2885 774 3054 840 vivo
3107 777 3398 863 Augusto

1892 869 2079 930 numi
2119 867 2190 930 hi
2231 869 2299 929 in
2332 867 2477 952 ipsa
2519 864 2684 929 urbe
2717 866 2904 932 feriri
2937 890 3068 933 non
3091 885 3398 957 potuere.
3425 914 3442 935 -.

1892 962 2083 1026 Haec
2120 962 2265 1047 ipsa
2293 975 2690 1047 argumenta
2722 982 2877 1025 cum
2907 964 3167 1030 invicta
3209 970 3396 1032 vide-

1891 1070 2118 1120 rentur
2151 1058 2666 1142 Havercampo,
2720 1076 3009 1143 cumque
3041 1081 3127 1124 ex
3161 1062 3394 1127 Sueto·

1888 1154 2042 1229 nic,
2093 1153 2380 1235 aliisque
2421 1150 2708 1228 constet,
2763 1153 3054 1240 Augusto
3112 1158 3176 1220 in
3241 1179 3395 1243 pro·

1887 1248 2131 1311 vinciis
2171 1248 2418 1333 passim
2442 1267 2597 1310 aras
2637 1258 2706 1308 et
2726 1250 2982 1335 templa
3017 1249 3209 1315 fuiss'e
3240 1274 3394 1320 con-

1888 1341 2154 1418 stituta,
2206 1343 2488 1421 censuit,
2557 1342 2851 1405 senatum
2900 1346 2981 1411 R.
3032 1345 3166 1422 hoc
3221 1360 3391 1436 typo

1887 1438 2311 1500 servientium
2354 1438 2764 1524 populorum
2786 1440 2853 1501 in
2880 1442 3253 1526 principem
3272 1442 3390 1507 stu-

1890 1534 2076 1596 dium
2128 1533 2407 1597 voluiss'e
2438 1533 2696 1610 testari,
2750 1553 2885 1598 non
2923 1549 3152 1600 tamen
3219 1541 3388 1602 indi-

1889 1631 2031 1691 cari
2083 1629 2333 1692 cultum
2386 1630 2692 1693 divinum
2748 1631 3035 1716 principi
3087 1633 3156 1696 in
3223 1633 3390 1699 urbe

1888 1724 2256 1788 decretum.

1982 1823 2073 1883 At
2110 1834 2277 1883 vero
2329 1815 2368 1878 fi
2412 1820 2619 1882 modo
2655 1816 3019 1889 statuamus
3045 1871 3065 1903 ,
3156 1843 3390 1889 omnes

1883 1915 2011 1979 hos
2041 1934 2282 1977 numos
2345 1926 2536 1975 extra
2597 1914 2831 1978 urbem
2887 1921 2956 1981 in
3033 1923 3394 2005 provincia

1884 2013 2209 2095 quapiam
2241 2007 2430 2071 fuiss‘e
2463 2008 2689 2088 cusos,
2741 2013 2995 2076 necess'e
3038 2034 3175 2078 non
3226 2019 3393 2099 erit,

1884 2118 2005 2170 aut
2034 2125 2184 2168 cum
2208 2102 2582 2185 Schlegelio
2601 2119 2836 2168 contra
2859 2110 3395 2192 dignissimorum

1882 2200 2017 2263 fide
2055 2199 2522 2264 historicorum
2591 2203 3092 2287 auctoritatemx
3129 2216 3395 2267 temere

1883 2293 2232 2370 adserere,
2286 2289 2642 2375 Augustum
2678 2297 2818 2373 iam
2865 2298 3097 2362 vivum
3128 2299 3393 2362 Romae

1886 2389 2368 2465 consecratum,
2422 2398 2539 2448 aut
2578 2407 2731 2452 cum
2766 2380 3247 2477 Havercampo
3294 2394 3391 2456 di·

1885 2497 2065 2549 ctum
2102 2483 2421 2569 effugium
2446 2484 2878 2549 comminisci.
2982 2489 3393 2572 Argumenta

1891 2594 2118 2643 autem
2160 2581 2353 2643 cusae
2388 2576 2558 2642 foris
2592 2579 2787 2662 hujus
2826 2592 3141 2644 monetae
3166 2580 3391 2645 habeo

1888 2695 2021 2740 non
2073 2694 2341 2763 pauca,
2396 2691 2611 2756 eaque
2643 2675 3101 2756 validissima,
3155 2678 3207 2740 1.
3250 2681 3393 2742 Au-

1888 2771 2104 2858 gustus
2145 2773 2465 2836 divinum
2525 2770 2613 2833 sui
2687 2771 2981 2855 cultum,
3049 2792 3264 2854 quem
3325 2776 3398 2837 in*

1889 2867 2053 2930 urbe
2090 2866 2234 2931 fieri
2289 2870 2542 2944 vetuit,
2595 2879 2790 2931 extra
2825 2887 2978 2930 eam
3026 2866 3399 2934 liberaliter

1890 2963 2172 3026 admisit
2273 2963 2375 3025 Ex
2394 2963 2757 3026 innumeris
2785 2959 3201 3043 testimoniiS,
3216 2985 3398 3050 quae

1889 3055 2196 3143 proferre
2234 3056 2509 3143 longum
2551 3055 2774 3141 foret,
2828 3059 3176 3137 nonnulla,
3211 3080 3399 3145 quae

1888 3156 1957 3218 in
2001 3164 2322 3238 promptu
2355 3152 2577 3216 habeo
2603 3198 2629 3231 ,
2681 3153 3051 3238 proferam.
3159 3154 3398 3220 Sueto-

1885 3250 2087 3314 nius·
2141 3237 2199 3326 ι’)
2268 3250 2746 3315 Provinciamm
2815 3246 3139 3337 pleraeque
3203 3251 3402 3338 stupeo·
3460 3314 3473 3326 ,

1885 3344 2109 3430 templa
2128 3389 2146 3423 ,
2201 3355 2260 3409 et
2290 3346 2451 3410 'aras
2477 3345 2656 3409 ludos
2699 3365 2936 3430 quoque
2973 3351 3398 3433 quinquenna-

1882 3443 1975 3505 les
1994 3459 2192 3525 paene
2228 3441 2572 3524 oppidatim
2627 3442 3075 3526 constituerunt.
3201 3444 3397 3507 Adde

1885 3535 2270 3599 testimonia
2299 3538 2527 3599 Taciti
2556 3581 2576 3613 ,
2625 3546 2697 3597 et
2730 3538 3024 3620 Appiani
3075 3536 3274 3623 supra
3307 3539 3398 3601 ad

1884 3631 2083 3695 mVI
2124 3627 2389 3715 Augusti
2426 3649 2684 3696 numos·
2725 3633 3053 3711 recitata,
3108 3651 3193 3696 ex
3237 3633 3391 3718 qui·

1884 3727 2011 3791 bus
2044 3727 2292 3810 partim
2325 3741 2635 3812 apparet,
2651 3725 2876 3791 ei’hos
2907 3727 3201 3794 honores
3231 3744 3390 3815 pro-

1848 3821 2118 3906 fligato
2159 3821 2312 3885 Sex.
2367 3823 2736 3908 Pompej0,
2792 3835 2995 3906 atque
3060 3826 3237 3892 adeo
3293 3823 3388 3887 sa·

1887 3920 1972 3980 tis
2006 3929 2269 3978 mature
2310 3916 2611 3981 habitos..
2716 3923 2925 3981 Aram
2969 3918 3255 4007 Augusto
3313 3939 3389 3981 a·
3458 3961 3467 3968 ·

1885 4014 2025 4097 pud
2076 4013 2543 4074 Tarraconem
2582 4025 2872 4076 erectam
2899 4061 2918 4091 ,
2973 4018 3245 4099 ejusque
3292 4016 3387 4076 Pu-

1882 4127 2004 4193 per
2034 4106 2377 4170 ea‘salsnm
2403 4105 2657 4171 dictum
2681 4110 3383 4192 jam-memoravimus

1880 4206 1948 4265 in
2000 4216 2276 4266 moneta
2317 4202 2513 4284 hujus
2560 4203 2765 4267 urbiS.
2893 4205 3002 4265 De
3056 4203 3387 4288 Lugduno

1880 4299 2255 4361 audiendus
2307 4297 2593 4362 Strabo.
2648 4295 2708 4379 ο)
2766 4297 3075 4383 Templum
3122 4297 3201 4364 ab
3254 4320 3387 4363 om-

1551 4391 1659 4455 hic
1694 4413 1802 4456 re·
1876 4395 2062 4459 nibus
2099 4397 2397 4459 communi
2415 4397 2652 4459 nomine
2677 4394 2871 4459 Gallis
2911 4389 3408 4462 decretum‘Cae-'
3442 4433 3452 4440 -

1895 4606 1954 4675 b)
1994 4608 2133 4681 Cap.
2167 4627 2256 4681 59.
2427 4612 2493 4677 4)
2533 4611 2598 4665 L.
2636 4611 2735 4666 IV.
2757 4630 2832 4685 ⁴1).
2873 4630 2949 4675 m,
2988 4629 3105 4684 29²·
