<?xml version="1.0" encoding="UTF-8"?>
<!DOCTYPE html PUBLIC "-//W3C//DTD XHTML 1.0 Transitional//EN"
    "http://www.w3.org/TR/xhtml1/DTD/xhtml1-transitional.dtd">
<html xmlns="http://www.w3.org/1999/xhtml" xml:lang="en" lang="en">
 <head>
  <title>
</title>
<meta http-equiv="Content-Type" content="text/html;charset=utf-8" />
  <meta name='ocr-system' content='tesseract 3.04.00' />
  <meta name='ocr-capabilities' content='ocr_page ocr_carea ocr_par ocr_line ocrx_word'/>
</head>
<body>
  <div class='ocr_page' id='page_1' title='image "./doctrinanumorum02unkngoog/doctrinanumorum02unkngoog_0238.png"; bbox 0 0 4225 5450; ppageno 0'>
   <div class='ocr_carea' id='block_1_1' title="bbox 2018 508 2681 589">
    <p class='ocr_par' dir='ltr' id='par_1_1' title="bbox 2018 508 2681 589">
     <span class='ocr_line' id='line_1_1' title="bbox 2018 508 2681 589; baseline 0.002 -5"><span class='ocrx_word' id='word_1_1' title='bbox 2018 508 2681 589; x_wconf 89' lang='lat' dir='ltr'><strong>TIBERIVS.</strong></span> 
     </span>
    </p>
   </div>
   <div class='ocr_carea' id='block_1_2' title="bbox 799 676 3932 947">
    <p class='ocr_par' dir='ltr' id='par_1_2' title="bbox 799 676 3932 887">
     <span class='ocr_line' id='line_1_2' title="bbox 803 676 3932 795; baseline 0.001 -25"><span class='ocrx_word' id='word_1_2' title='bbox 803 704 1239 770; x_wconf 86' lang='lat' dir='ltr'><strong>MARTIAS.</strong></span> <span class='ocrx_word' id='word_1_3' title='bbox 1297 704 1545 788; x_wconf 86' lang='lat' dir='ltr'><strong>QVIA.</strong></span> <span class='ocrx_word' id='word_1_4' title='bbox 1601 703 1811 770; x_wconf 81' lang='lat' dir='ltr'><strong>HAG.</strong></span> <span class='ocrx_word' id='word_1_5' title='bbox 1869 705 1986 769; x_wconf 91' lang='lat' dir='ltr'><strong>TI.</strong></span> <span class='ocrx_word' id='word_1_6' title='bbox 2056 704 2302 770; x_wconf 89' lang='lat' dir='ltr'><strong>CAES.</strong></span> <span class='ocrx_word' id='word_1_7' title='bbox 2391 720 2619 771; x_wconf 86' lang='lat' dir='ltr'><strong>netam</strong></span> <span class='ocrx_word' id='word_1_8' title='bbox 2664 725 2981 785; x_wconf 82' lang='lat' dir='ltr'>auream,</span> <span class='ocrx_word' id='word_1_9' title='bbox 3035 719 3099 768; x_wconf 87' lang='lat' dir='ltr'><strong>et</strong></span> <span class='ocrx_word' id='word_1_10' title='bbox 3135 718 3524 792; x_wconf 74' lang='lat' dir='ltr'><strong>argenteam</strong></span> <span class='ocrx_word' id='word_1_11' title='bbox 3567 676 3932 795; x_wconf 40' lang='lat' dir='ltr'><strong>ad&#39;impess</strong></span> 
     </span>
     <span class='ocr_line' id='line_1_3' title="bbox 799 798 3903 947; baseline 0 -79"><span class='ocrx_word' id='word_1_12' title='bbox 799 800 1071 868; x_wconf 87' lang='lat' dir='ltr'><strong>PONT.</strong></span> <span class='ocrx_word' id='word_1_13' title='bbox 1124 802 1346 867; x_wconf 87' lang='lat' dir='ltr'><strong>MAX.</strong></span> <span class='ocrx_word' id='word_1_14' title='bbox 1400 800 1985 864; x_wconf 83' lang='lat' dir='ltr'><strong>FELICISSIME.</strong></span> <span class='ocrx_word' id='word_1_15' title='bbox 2032 798 2306 863; x_wconf 84' lang='lat' dir='ltr'><strong>CREA·</strong></span> <span class='ocrx_word' id='word_1_16' title='bbox 2393 814 2728 886; x_wconf 76' lang='lat' dir='ltr'><strong>retorem,</strong></span> <span class='ocrx_word' id='word_1_17' title='bbox 2779 818 3062 865; x_wconf 82' lang='lat' dir='ltr'><strong>aeneam</strong></span> <span class='ocrx_word' id='word_1_18' title='bbox 3110 802 3200 864; x_wconf 89' lang='lat' dir='ltr'><strong>ad</strong></span> <span class='ocrx_word' id='word_1_19' title='bbox 3261 801 3562 867; x_wconf 78' lang='lat' dir='ltr'><strong>senatum</strong></span> <span class='ocrx_word' id='word_1_20' title='bbox 3597 806 3903 947; x_wconf 81' lang='lat' dir='ltr'><strong>pertinu-</strong></span> 
     </span>
    </p>
   </div>
   <div class='ocr_carea' id='block_1_3' title="bbox 818 524 945 588">
    <p class='ocr_par' dir='ltr' id='par_1_3' title="bbox 818 524 945 588">
     <span class='ocr_line' id='line_1_4' title="bbox 818 524 945 588; baseline 0.016 -2"><span class='ocrx_word' id='word_1_21' title='bbox 818 524 945 588; x_wconf 78' lang='lat'><strong>188</strong></span> 
     </span>
    </p>
   </div>
   <div class='ocr_carea' id='block_1_4' title="bbox 783 891 2528 979">
    <p class='ocr_par' dir='ltr' id='par_1_4' title="bbox 783 891 2528 979">
     <span class='ocr_line' id='line_1_5' title="bbox 783 891 2528 979; baseline 0 -21"><span class='ocrx_word' id='word_1_22' title='bbox 783 895 1005 961; x_wconf 13' lang='lat' dir='ltr'><strong>NTVS</strong></span> <span class='ocrx_word' id='word_1_23' title='bbox 1050 894 1242 960; x_wconf 89' lang='lat' dir='ltr'><strong>EST.</strong></span> <span class='ocrx_word' id='word_1_24' title='bbox 1359 893 1535 958; x_wconf 82' lang='lat' dir='ltr'><strong>Fasti</strong></span> <span class='ocrx_word' id='word_1_25' title='bbox 1593 897 1812 959; x_wconf 84' lang='lat' dir='ltr'><strong>Verrii</strong></span> <span class='ocrx_word' id='word_1_26' title='bbox 1851 891 2043 979; x_wconf 83' lang='lat' dir='ltr'><strong>ipsos</strong></span> <span class='ocrx_word' id='word_1_27' title='bbox 2098 895 2307 956; x_wconf 88' lang='lat' dir='ltr'><strong>etiam</strong></span> <span class='ocrx_word' id='word_1_28' title='bbox 2390 897 2528 962; x_wconf 83' lang='lat' dir='ltr'><strong>iss&#39;e.</strong></span> 
     </span>
    </p>
   </div>
   <div class='ocr_carea' id='block_1_5' title="bbox 782 987 2311 1359">
    <p class='ocr_par' dir='ltr' id='par_1_5' title="bbox 782 987 2308 1167">
     <span class='ocr_line' id='line_1_6' title="bbox 782 987 2308 1070; baseline -0.002 -17"><span class='ocrx_word' id='word_1_29' title='bbox 782 989 1107 1053; x_wconf 55' lang='lat' dir='ltr'><strong>eonsules</strong></span> <span class='ocrx_word' id='word_1_30' title='bbox 1146 988 1430 1052; x_wconf 84' lang='lat' dir='ltr'>Drusum</span> <span class='ocrx_word' id='word_1_31' title='bbox 1472 1001 1539 1052; x_wconf 91' lang='lat' dir='ltr'><strong>et</strong></span> <span class='ocrx_word' id='word_1_32' title='bbox 1577 989 2011 1067; x_wconf 83' lang='lat' dir='ltr'><strong>Norbanum,</strong></span> <span class='ocrx_word' id='word_1_33' title='bbox 2063 990 2179 1070; x_wconf 79' lang='lat' dir='ltr'><strong>qui</strong></span> <span class='ocrx_word' id='word_1_34' title='bbox 2205 987 2308 1050; x_wconf 85' lang='lat' dir='ltr'><strong>fu-</strong></span> 
     </span>
     <span class='ocr_line' id='line_1_7' title="bbox 810 1082 1919 1167; baseline -0.005 -19"><span class='ocrx_word' id='word_1_35' title='bbox 810 1095 1002 1157; x_wconf 82' lang='lat' dir='ltr'><strong>erunt</strong></span> <span class='ocrx_word' id='word_1_36' title='bbox 1034 1083 1229 1167; x_wconf 84' lang='lat' dir='ltr'><strong>hujus</strong></span> <span class='ocrx_word' id='word_1_37' title='bbox 1282 1086 1475 1160; x_wconf 88' lang='lat' dir='ltr'><strong>anni,</strong></span> <span class='ocrx_word' id='word_1_38' title='bbox 1527 1086 1802 1147; x_wconf 85' lang='lat' dir='ltr'><strong>addunt.</strong></span> <span class='ocrx_word' id='word_1_39' title='bbox 1854 1082 1919 1165; x_wconf 76' lang='lat'><strong>³)</strong></span> 
     </span>
    </p>

    <p class='ocr_par' dir='ltr' id='par_1_6' title="bbox 814 1178 2311 1359">
     <span class='ocr_line' id='line_1_8' title="bbox 904 1178 2311 1252; baseline -0.003 -10"><span class='ocrx_word' id='word_1_40' title='bbox 904 1180 1052 1242; x_wconf 80' lang='lat' dir='ltr'><strong>Hos</strong></span> <span class='ocrx_word' id='word_1_41' title='bbox 1091 1197 1330 1242; x_wconf 79' lang='lat' dir='ltr'><strong>numos</strong></span> <span class='ocrx_word' id='word_1_42' title='bbox 1381 1178 1518 1242; x_wconf 86' lang='lat' dir='ltr'><strong>hoc</strong></span> <span class='ocrx_word' id='word_1_43' title='bbox 1570 1180 1731 1241; x_wconf 87' lang='lat' dir='ltr'><strong>loco</strong></span> <span class='ocrx_word' id='word_1_44' title='bbox 1774 1178 2123 1252; x_wconf 68' lang='lat' dir='ltr'><strong>recenseo,</strong></span> <span class='ocrx_word' id='word_1_45' title='bbox 2176 1194 2311 1239; x_wconf 87' lang='lat' dir='ltr'><strong>non</strong></span> 
     </span>
     <span class='ocr_line' id='line_1_9' title="bbox 814 1270 2309 1359; baseline -0.003 -23"><span class='ocrx_word' id='word_1_46' title='bbox 814 1275 998 1359; x_wconf 84' lang='lat' dir='ltr'><strong>quod</strong></span> <span class='ocrx_word' id='word_1_47' title='bbox 1023 1273 1370 1359; x_wconf 77' lang='lat' dir='ltr'>praesente</span> <span class='ocrx_word' id='word_1_48' title='bbox 1390 1285 1648 1337; x_wconf 85' lang='lat' dir='ltr'><strong>tantum</strong></span> <span class='ocrx_word' id='word_1_49' title='bbox 1672 1292 1849 1336; x_wconf 86' lang='lat' dir='ltr'><strong>anno</strong></span> <span class='ocrx_word' id='word_1_50' title='bbox 1881 1270 2111 1356; x_wconf 79' lang='lat' dir='ltr'><strong>[ignati</strong></span> <span class='ocrx_word' id='word_1_51' title='bbox 2139 1271 2309 1348; x_wconf 79' lang='lat' dir='ltr'><strong>lunt,</strong></span> 
     </span>
    </p>
   </div>
   <div class='ocr_carea' id='block_1_6' title="bbox 690 1356 2311 1453">
    <p class='ocr_par' dir='ltr' id='par_1_7' title="bbox 690 1356 2311 1453">
     <span class='ocr_line' id='line_1_10' title="bbox 690 1356 2311 1453; baseline -0.004 -21"><span class='ocrx_word' id='word_1_52' title='bbox 690 1356 703 1375; x_wconf 71' lang='lat'><em>⁶</em></span> <span class='ocrx_word' id='word_1_53' title='bbox 809 1369 922 1432; x_wconf 90' lang='lat' dir='ltr'><strong>sed</strong></span> <span class='ocrx_word' id='word_1_54' title='bbox 956 1368 1280 1451; x_wconf 86' lang='lat' dir='ltr'><strong>quoniam</strong></span> <span class='ocrx_word' id='word_1_55' title='bbox 1316 1369 1519 1453; x_wconf 87' lang='lat' dir='ltr'><strong>primi</strong></span> <span class='ocrx_word' id='word_1_56' title='bbox 1569 1365 2038 1452; x_wconf 77' lang='lat' dir='ltr'><strong>pontificatum</strong></span> <span class='ocrx_word' id='word_1_57' title='bbox 2095 1365 2311 1429; x_wconf 76' lang='lat' dir='ltr'><strong>maxi-</strong></span> 
     </span>
    </p>
   </div>
   <div class='ocr_carea' id='block_1_7' title="bbox 811 1462 2315 1734">
    <p class='ocr_par' dir='ltr' id='par_1_8' title="bbox 811 1462 2315 1734">
     <span class='ocr_line' id='line_1_11' title="bbox 815 1462 2313 1543; baseline -0.008 -11"><span class='ocrx_word' id='word_1_58' title='bbox 815 1486 998 1532; x_wconf 88' lang='lat' dir='ltr'><strong>mum</strong></span> <span class='ocrx_word' id='word_1_59' title='bbox 1036 1475 1437 1527; x_wconf 86' lang='lat' dir='ltr'><strong>memorant.</strong></span> <span class='ocrx_word' id='word_1_60' title='bbox 1540 1462 1716 1543; x_wconf 79' lang='lat' dir='ltr'><strong>Quin</strong></span> <span class='ocrx_word' id='word_1_61' title='bbox 1780 1464 1927 1543; x_wconf 90' lang='lat' dir='ltr'><strong>jure</strong></span> <span class='ocrx_word' id='word_1_62' title='bbox 1971 1463 2145 1522; x_wconf 88' lang='lat' dir='ltr'><strong>inter</strong></span> <span class='ocrx_word' id='word_1_63' title='bbox 2195 1479 2313 1521; x_wconf 86' lang='lat' dir='ltr'><strong>nu·</strong></span> 
     </span>
     <span class='ocr_line' id='line_1_12' title="bbox 812 1553 2315 1641; baseline -0.009 -14"><span class='ocrx_word' id='word_1_64' title='bbox 812 1582 963 1627; x_wconf 83' lang='lat' dir='ltr'><strong>mos</strong></span> <span class='ocrx_word' id='word_1_65' title='bbox 996 1561 1261 1624; x_wconf 87' lang='lat' dir='ltr'><strong>Tiberii</strong></span> <span class='ocrx_word' id='word_1_66' title='bbox 1293 1576 1507 1641; x_wconf 83' lang='lat' dir='ltr'><strong>vagos</strong></span> <span class='ocrx_word' id='word_1_67' title='bbox 1524 1556 1908 1619; x_wconf 86' lang='lat' dir='ltr'><strong>collocandi</strong></span> <span class='ocrx_word' id='word_1_68' title='bbox 1926 1553 2067 1617; x_wconf 88' lang='lat' dir='ltr'><strong>sunt</strong></span> <span class='ocrx_word' id='word_1_69' title='bbox 2086 1579 2106 1628; x_wconf 83' lang='lat'><em>3</em></span> <span class='ocrx_word' id='word_1_70' title='bbox 2156 1572 2315 1617; x_wconf 88' lang='lat' dir='ltr'><strong>nam</strong></span> 
     </span>
     <span class='ocr_line' id='line_1_13' title="bbox 811 1651 2315 1734; baseline -0.009 -13"><span class='ocrx_word' id='word_1_71' title='bbox 811 1658 969 1721; x_wconf 87' lang='lat' dir='ltr'><strong>inde</strong></span> <span class='ocrx_word' id='word_1_72' title='bbox 1001 1654 1088 1718; x_wconf 88' lang='lat' dir='ltr'><strong>ab</strong></span> <span class='ocrx_word' id='word_1_73' title='bbox 1123 1654 1255 1717; x_wconf 89' lang='lat' dir='ltr'><strong>hoc</strong></span> <span class='ocrx_word' id='word_1_74' title='bbox 1286 1671 1463 1716; x_wconf 87' lang='lat' dir='ltr'><strong>anno</strong></span> <span class='ocrx_word' id='word_1_75' title='bbox 1487 1668 1697 1734; x_wconf 87' lang='lat' dir='ltr'><strong>usque</strong></span> <span class='ocrx_word' id='word_1_76' title='bbox 1741 1651 1832 1713; x_wconf 90' lang='lat' dir='ltr'><strong>ad</strong></span> <span class='ocrx_word' id='word_1_77' title='bbox 1867 1652 2003 1730; x_wconf 84' lang='lat' dir='ltr'><strong>ejus</strong></span> <span class='ocrx_word' id='word_1_78' title='bbox 2026 1661 2315 1711; x_wconf 76' lang='lat' dir='ltr'><strong>mortem</strong></span> 
     </span>
    </p>
   </div>
   <div class='ocr_carea' id='block_1_8' title="bbox 814 1741 2362 1830">
    <p class='ocr_par' dir='ltr' id='par_1_9' title="bbox 814 1741 2362 1830">
     <span class='ocr_line' id='line_1_14' title="bbox 814 1741 2362 1830; baseline -0.008 -16"><span class='ocrx_word' id='word_1_79' title='bbox 814 1751 1075 1815; x_wconf 86' lang='lat' dir='ltr'><strong>denarii</strong></span> <span class='ocrx_word' id='word_1_80' title='bbox 1113 1750 1340 1826; x_wconf 88' lang='lat' dir='ltr'><strong>aurei,</strong></span> <span class='ocrx_word' id='word_1_81' title='bbox 1394 1758 1461 1809; x_wconf 86' lang='lat' dir='ltr'><strong>et</strong></span> <span class='ocrx_word' id='word_1_82' title='bbox 1491 1745 1787 1830; x_wconf 83' lang='lat' dir='ltr'><strong>argentei</strong></span> <span class='ocrx_word' id='word_1_83' title='bbox 1830 1745 1955 1828; x_wconf 83' lang='lat' dir='ltr'><strong>(de</strong></span> <span class='ocrx_word' id='word_1_84' title='bbox 1990 1741 2316 1825; x_wconf 76' lang='lat' dir='ltr'><strong>quinariis</strong></span> <span class='ocrx_word' id='word_1_85' title='bbox 2354 1786 2362 1795; x_wconf 87' lang='lat'><strong>.</strong></span> 
     </span>
    </p>
   </div>
   <div class='ocr_carea' id='block_1_9' title="bbox 810 1832 2317 2488">
    <p class='ocr_par' dir='ltr' id='par_1_10' title="bbox 810 1832 2317 2488">
     <span class='ocr_line' id='line_1_15' title="bbox 813 1832 2313 1927; baseline -0.008 -18"><span class='ocrx_word' id='word_1_86' title='bbox 813 1846 1037 1909; x_wconf 84' lang='lat' dir='ltr'><strong>aureis</strong></span> <span class='ocrx_word' id='word_1_87' title='bbox 1069 1862 1202 1907; x_wconf 92' lang='lat' dir='ltr'><strong>non</strong></span> <span class='ocrx_word' id='word_1_88' title='bbox 1239 1832 1514 1927; x_wconf 66' lang='lat' dir='ltr'><strong>loiluor)</strong></span> <span class='ocrx_word' id='word_1_89' title='bbox 1566 1851 1835 1924; x_wconf 87' lang='lat' dir='ltr'><strong>praeter</strong></span> <span class='ocrx_word' id='word_1_90' title='bbox 1855 1839 1980 1900; x_wconf 81' lang='lat' dir='ltr'><strong>hos</strong></span> <span class='ocrx_word' id='word_1_91' title='bbox 2019 1857 2170 1900; x_wconf 90' lang='lat' dir='ltr'><strong>cum</strong></span> <span class='ocrx_word' id='word_1_92' title='bbox 2204 1854 2313 1898; x_wconf 88' lang='lat' dir='ltr'><strong>ca·</strong></span> 
     </span>
     <span class='ocr_line' id='line_1_16' title="bbox 852 1930 2314 2022; baseline -0.007 -20"><span class='ocrx_word' id='word_1_93' title='bbox 852 1940 951 2017; x_wconf 48' lang='lat' dir='ltr'><strong>,ite</strong></span> <span class='ocrx_word' id='word_1_94' title='bbox 992 1937 1252 2001; x_wconf 83' lang='lat' dir='ltr'><strong>Tiberii</strong></span> <span class='ocrx_word' id='word_1_95' title='bbox 1291 1936 1519 2022; x_wconf 82' lang='lat' dir='ltr'><strong>[ignati</strong></span> <span class='ocrx_word' id='word_1_96' title='bbox 1559 1954 1694 1997; x_wconf 87' lang='lat' dir='ltr'><strong>non</strong></span> <span class='ocrx_word' id='word_1_97' title='bbox 1718 1933 1897 2010; x_wconf 87' lang='lat' dir='ltr'><strong>sunt,</strong></span> <span class='ocrx_word' id='word_1_98' title='bbox 1954 1932 1997 1993; x_wconf 87' lang='lat' dir='ltr'><strong>fi</strong></span> <span class='ocrx_word' id='word_1_99' title='bbox 2034 1930 2314 1994; x_wconf 86' lang='lat' dir='ltr'><strong>nonnul·</strong></span> 
     </span>
     <span class='ocr_line' id='line_1_17' title="bbox 810 1960 2316 2115; baseline -0.007 -19"><span class='ocrx_word' id='word_1_100' title='bbox 810 1960 920 2097; x_wconf 52' lang='lat' dir='ltr'><strong>foa</strong></span> <span class='ocrx_word' id='word_1_101' title='bbox 972 2031 1338 2095; x_wconf 88' lang='lat' dir='ltr'><strong>consecrati</strong></span> <span class='ocrx_word' id='word_1_102' title='bbox 1390 2026 1657 2115; x_wconf 82' lang='lat' dir='ltr'><strong>Augusti</strong></span> <span class='ocrx_word' id='word_1_103' title='bbox 1740 2028 1994 2090; x_wconf 80' lang='lat' dir='ltr'><strong>demas.</strong></span> <span class='ocrx_word' id='word_1_104' title='bbox 2119 2027 2316 2089; x_wconf 83' lang='lat' dir='ltr'><strong>Vnde</strong></span> 
     </span>
     <span class='ocr_line' id='line_1_18' title="bbox 811 2121 2317 2211; baseline -0.007 -21"><span class='ocrx_word' id='word_1_105' title='bbox 811 2131 1149 2192; x_wconf 87' lang='lat' dir='ltr'><strong>rationem</strong></span> <span class='ocrx_word' id='word_1_106' title='bbox 1178 2128 1268 2188; x_wconf 77' lang='lat' dir='ltr'><strong>“in</strong></span> <span class='ocrx_word' id='word_1_107' title='bbox 1348 2137 1671 2211; x_wconf 82' lang='lat' dir='ltr'><strong>promptu</strong></span> <span class='ocrx_word' id='word_1_108' title='bbox 1736 2121 2107 2199; x_wconf 79' lang='lat' dir='ltr'><strong>habemus,</strong></span> <span class='ocrx_word' id='word_1_109' title='bbox 2198 2138 2317 2182; x_wconf 87' lang='lat' dir='ltr'><strong>cur</strong></span> 
     </span>
     <span class='ocr_line' id='line_1_19' title="bbox 812 2217 2316 2304; baseline -0.007 -18"><span class='ocrx_word' id='word_1_110' title='bbox 812 2224 999 2286; x_wconf 87' lang='lat' dir='ltr'><strong>numi</strong></span> <span class='ocrx_word' id='word_1_111' title='bbox 1034 2241 1184 2284; x_wconf 87' lang='lat' dir='ltr'><strong>eum</strong></span> <span class='ocrx_word' id='word_1_112' title='bbox 1222 2222 1352 2285; x_wconf 88' lang='lat' dir='ltr'><strong>hoc</strong></span> <span class='ocrx_word' id='word_1_113' title='bbox 1385 2233 1552 2304; x_wconf 83' lang='lat' dir='ltr'>typo</span> <span class='ocrx_word' id='word_1_114' title='bbox 1576 2231 1766 2282; x_wconf 87' lang='lat' dir='ltr'><strong>tanta</strong></span> <span class='ocrx_word' id='word_1_115' title='bbox 1800 2217 2166 2280; x_wconf 86' lang='lat' dir='ltr'>hodiedum</span> <span class='ocrx_word' id='word_1_116' title='bbox 2203 2226 2316 2277; x_wconf 80' lang='lat' dir='ltr'><strong>&#39;co-</strong></span> 
     </span>
     <span class='ocr_line' id='line_1_20' title="bbox 813 2311 2312 2402; baseline -0.006 -21"><span class='ocrx_word' id='word_1_117' title='bbox 813 2320 932 2402; x_wconf 90' lang='lat' dir='ltr'><strong>pia</strong></span> <span class='ocrx_word' id='word_1_118' title='bbox 966 2317 1335 2401; x_wconf 82' lang='lat' dir='ltr'><strong>suppetant.</strong></span> <span class='ocrx_word' id='word_1_119' title='bbox 1436 2312 1509 2377; x_wconf 85' lang='lat' dir='ltr'><strong>In</strong></span> <span class='ocrx_word' id='word_1_120' title='bbox 1570 2314 1710 2376; x_wconf 91' lang='lat' dir='ltr'><strong>solo</strong></span> <span class='ocrx_word' id='word_1_121' title='bbox 1775 2311 2168 2374; x_wconf 80' lang='lat' dir='ltr'>Florentino</span> <span class='ocrx_word' id='word_1_122' title='bbox 2213 2311 2312 2372; x_wconf 92' lang='lat' dir='ltr'><strong>M.</strong></span> 
     </span>
     <span class='ocr_line' id='line_1_21' title="bbox 810 2406 2316 2488; baseline -0.007 -12"><span class='ocrx_word' id='word_1_123' title='bbox 810 2413 1023 2476; x_wconf 80' lang='lat' dir='ltr'><strong>Ducis</strong></span> <span class='ocrx_word' id='word_1_124' title='bbox 1042 2412 1281 2475; x_wconf 76' lang='lat' dir='ltr'><strong>museo</strong></span> <span class='ocrx_word' id='word_1_125' title='bbox 1330 2413 1500 2473; x_wconf 85' lang='lat' dir='ltr'><strong>duos</strong></span> <span class='ocrx_word' id='word_1_126' title='bbox 1550 2420 1625 2470; x_wconf 85' lang='lat' dir='ltr'><strong>et</strong></span> <span class='ocrx_word' id='word_1_127' title='bbox 1690 2406 1965 2488; x_wconf 87' lang='lat' dir='ltr'><strong>triginta</strong></span> <span class='ocrx_word' id='word_1_128' title='bbox 2012 2407 2316 2486; x_wconf 84' lang='lat' dir='ltr'><strong>ejusdem</strong></span> 
     </span>
    </p>
   </div>
   <div class='ocr_carea' id='block_1_10' title="bbox 815 2500 2316 2666">
    <p class='ocr_par' dir='ltr' id='par_1_11' title="bbox 815 2500 2316 2666">
     <span class='ocr_line' id='line_1_22' title="bbox 815 2500 2316 2607; baseline -0.008 -36"><span class='ocrx_word' id='word_1_129' title='bbox 815 2508 1109 2607; x_wconf 81' lang='lat' dir='ltr'><strong>exempli</strong></span> <span class='ocrx_word' id='word_1_130' title='bbox 1144 2525 1386 2570; x_wconf 79' lang='lat' dir='ltr'><strong>aureos</strong></span> <span class='ocrx_word' id='word_1_131' title='bbox 1419 2502 1662 2586; x_wconf 83' lang='lat' dir='ltr'><strong>reperi.</strong></span> <span class='ocrx_word' id='word_1_132' title='bbox 1778 2500 2065 2582; x_wconf 83' lang='lat' dir='ltr'><strong>Magnus</strong></span> <span class='ocrx_word' id='word_1_133' title='bbox 2109 2501 2316 2560; x_wconf 86' lang='lat' dir='ltr'><strong>etiam</strong></span> 
     </span>
     <span class='ocr_line' id='line_1_23' title="bbox 815 2590 2315 2666; baseline -0.007 -2"><span class='ocrx_word' id='word_1_134' title='bbox 815 2622 1053 2666; x_wconf 88' lang='lat' dir='ltr'><strong>eorum</strong></span> <span class='ocrx_word' id='word_1_135' title='bbox 1084 2617 1403 2664; x_wconf 85' lang='lat' dir='ltr'><strong>numerus</strong></span> <span class='ocrx_word' id='word_1_136' title='bbox 1451 2595 1582 2658; x_wconf 83' lang='lat' dir='ltr'><strong>fuit</strong></span> <span class='ocrx_word' id='word_1_137' title='bbox 1616 2597 1683 2656; x_wconf 91' lang='lat' dir='ltr'><strong>in</strong></span> <span class='ocrx_word' id='word_1_138' title='bbox 1732 2592 2084 2655; x_wconf 85' lang='lat' dir='ltr'><strong>Caesareo.</strong></span> <span class='ocrx_word' id='word_1_139' title='bbox 2187 2590 2315 2654; x_wconf 74' lang='lat' dir='ltr'><strong>Ex</strong></span> 
     </span>
    </p>
   </div>
   <div class='ocr_carea' id='block_1_11' title="bbox 776 2685 2316 2864">
    <p class='ocr_par' dir='ltr' id='par_1_12' title="bbox 776 2685 2316 2864">
     <span class='ocr_line' id='line_1_24' title="bbox 776 2685 2316 2772; baseline -0.01 -11"><span class='ocrx_word' id='word_1_140' title='bbox 776 2696 994 2760; x_wconf 68' lang='lat' dir='ltr'><strong>‘cluso</strong></span> <span class='ocrx_word' id='word_1_141' title='bbox 1038 2695 1222 2758; x_wconf 87' lang='lat' dir='ltr'><strong>omni</strong></span> <span class='ocrx_word' id='word_1_142' title='bbox 1279 2691 1418 2756; x_wconf 86' lang='lat' dir='ltr'><strong>alio</strong></span> <span class='ocrx_word' id='word_1_143' title='bbox 1478 2702 1650 2772; x_wconf 84' lang='lat' dir='ltr'>typo</span> <span class='ocrx_word' id='word_1_144' title='bbox 1715 2686 2008 2749; x_wconf 85' lang='lat' dir='ltr'><strong>debebat</strong></span> <span class='ocrx_word' id='word_1_145' title='bbox 2072 2685 2316 2747; x_wconf 90' lang='lat' dir='ltr'><strong>horum</strong></span> 
     </span>
     <span class='ocr_line' id='line_1_25' title="bbox 813 2780 2316 2864; baseline -0.007 -13"><span class='ocrx_word' id='word_1_146' title='bbox 813 2808 1128 2851; x_wconf 82' lang='lat' dir='ltr'><strong>numerus</strong></span> <span class='ocrx_word' id='word_1_147' title='bbox 1163 2803 1492 2850; x_wconf 82' lang='lat' dir='ltr'><strong>annorum</strong></span> <span class='ocrx_word' id='word_1_148' title='bbox 1526 2782 1734 2843; x_wconf 84' lang='lat' dir='ltr'><strong>XXII.</strong></span> <span class='ocrx_word' id='word_1_149' title='bbox 1773 2780 1987 2864; x_wconf 86' lang='lat' dir='ltr'><strong>spatio</strong></span> <span class='ocrx_word' id='word_1_150' title='bbox 2039 2780 2316 2841; x_wconf 86' lang='lat' dir='ltr'><strong>immen-</strong></span> 
     </span>
    </p>
   </div>
   <div class='ocr_carea' id='block_1_12' title="bbox 808 2861 2392 2964">
    <p class='ocr_par' dir='ltr' id='par_1_13' title="bbox 808 2861 2392 2964">
     <span class='ocr_line' id='line_1_26' title="bbox 808 2861 2392 2964; baseline -0.005 -20.97"><span class='ocrx_word' id='word_1_151' title='bbox 808 2879 953 2943; x_wconf 88' lang='lat' dir='ltr'><strong>sum</strong></span> <span class='ocrx_word' id='word_1_152' title='bbox 988 2882 1238 2964; x_wconf 88' lang='lat' dir='ltr'><strong>augeri.</strong></span> <span class='ocrx_word' id='word_1_153' title='bbox 1339 2878 1567 2957; x_wconf 84' lang='lat' dir='ltr'><strong>Quare</strong></span> <span class='ocrx_word' id='word_1_154' title='bbox 1600 2875 1755 2938; x_wconf 85' lang='lat' dir='ltr'><strong>inde</strong></span> <span class='ocrx_word' id='word_1_155' title='bbox 1803 2873 1890 2936; x_wconf 90' lang='lat' dir='ltr'><strong>ab</strong></span> <span class='ocrx_word' id='word_1_156' title='bbox 1943 2873 2077 2934; x_wconf 90' lang='lat' dir='ltr'><strong>hoc</strong></span> <span class='ocrx_word' id='word_1_157' title='bbox 2139 2892 2318 2935; x_wconf 92' lang='lat' dir='ltr'><strong>anno</strong></span> <span class='ocrx_word' id='word_1_158' title='bbox 2375 2861 2392 2874; x_wconf 50' lang='lat'><strong>‘⁸</strong></span> 
     </span>
    </p>
   </div>
   <div class='ocr_carea' id='block_1_13' title="bbox 726 2966 2358 3720">
    <p class='ocr_par' dir='ltr' id='par_1_14' title="bbox 726 2966 2318 3152">
     <span class='ocr_line' id='line_1_27' title="bbox 817 2966 2318 3062; baseline -0.007 -24"><span class='ocrx_word' id='word_1_159' title='bbox 817 2988 1013 3062; x_wconf 88' lang='lat' dir='ltr'><strong>potes</strong></span> <span class='ocrx_word' id='word_1_160' title='bbox 1055 2974 1370 3037; x_wconf 86' lang='lat' dir='ltr'><strong>denarios</strong></span> <span class='ocrx_word' id='word_1_161' title='bbox 1393 2969 1652 3032; x_wconf 88' lang='lat' dir='ltr'><strong>Tiberii</strong></span> <span class='ocrx_word' id='word_1_162' title='bbox 1680 2988 1920 3032; x_wconf 85' lang='lat' dir='ltr'><strong>aureos</strong></span> <span class='ocrx_word' id='word_1_163' title='bbox 1956 2966 2066 3028; x_wconf 88' lang='lat' dir='ltr'><strong>vel</strong></span> <span class='ocrx_word' id='word_1_164' title='bbox 2088 2986 2318 3049; x_wconf 87' lang='lat' dir='ltr'><strong>argen-</strong></span> 
     </span>
     <span class='ocr_line' id='line_1_28' title="bbox 726 3061 2318 3152; baseline -0.007 -18"><span class='ocrx_word' id='word_1_165' title='bbox 726 3079 735 3088; x_wconf 81' lang='lat'><strong><em>‘</em></strong></span> <span class='ocrx_word' id='word_1_166' title='bbox 817 3082 965 3134; x_wconf 82' lang='lat' dir='ltr'><strong>teos</strong></span> <span class='ocrx_word' id='word_1_167' title='bbox 998 3068 1274 3152; x_wconf 82' lang='lat' dir='ltr'><strong>perinde</strong></span> <span class='ocrx_word' id='word_1_168' title='bbox 1304 3084 1537 3142; x_wconf 64' lang='lat' dir='ltr'><strong>raroS,</strong></span> <span class='ocrx_word' id='word_1_169' title='bbox 1603 3082 1685 3126; x_wconf 87' lang='lat' dir='ltr'><strong>ac</strong></span> <span class='ocrx_word' id='word_1_170' title='bbox 1744 3061 1988 3125; x_wconf 85' lang='lat' dir='ltr'><strong>obvios</strong></span> <span class='ocrx_word' id='word_1_171' title='bbox 2049 3061 2318 3134; x_wconf 81' lang='lat' dir='ltr'><strong>dicere3</strong></span> 
     </span>
    </p>

    <p class='ocr_par' dir='ltr' id='par_1_15' title="bbox 772 3153 2320 3344">
     <span class='ocr_line' id='line_1_29' title="bbox 817 3153 2320 3243; baseline -0.008 -16"><span class='ocrx_word' id='word_1_172' title='bbox 817 3162 1032 3240; x_wconf 77' lang='lat' dir='ltr'><strong>istud,</strong></span> <span class='ocrx_word' id='word_1_173' title='bbox 1077 3163 1240 3243; x_wconf 81' lang='lat' dir='ltr'><strong>quia</strong></span> <span class='ocrx_word' id='word_1_174' title='bbox 1273 3180 1425 3223; x_wconf 88' lang='lat' dir='ltr'><strong>cum</strong></span> <span class='ocrx_word' id='word_1_175' title='bbox 1461 3153 1592 3222; x_wconf 85' lang='lat' dir='ltr'><strong>hac</strong></span> <span class='ocrx_word' id='word_1_176' title='bbox 1633 3154 2042 3241; x_wconf 85' lang='lat' dir='ltr'><strong>epigraphe,</strong></span> <span class='ocrx_word' id='word_1_177' title='bbox 2097 3167 2166 3217; x_wconf 88' lang='lat' dir='ltr'><strong>et</strong></span> <span class='ocrx_word' id='word_1_178' title='bbox 2217 3168 2320 3239; x_wconf 79' lang='lat' dir='ltr'><strong>ty·</strong></span> 
     </span>
     <span class='ocr_line' id='line_1_30' title="bbox 772 3248 2318 3344; baseline -0.005 -24"><span class='ocrx_word' id='word_1_179' title='bbox 772 3277 909 3344; x_wconf 84' lang='lat' dir='ltr'><strong>-po</strong></span> <span class='ocrx_word' id='word_1_180' title='bbox 945 3260 1175 3341; x_wconf 79' lang='lat' dir='ltr'><strong>ingens</strong></span> <span class='ocrx_word' id='word_1_181' title='bbox 1227 3273 1460 3317; x_wconf 82' lang='lat' dir='ltr'><strong>eorum</strong></span> <span class='ocrx_word' id='word_1_182' title='bbox 1523 3253 1628 3318; x_wconf 78' lang='lat' dir='ltr'><strong>vis</strong></span> <span class='ocrx_word' id='word_1_183' title='bbox 1691 3249 2012 3337; x_wconf 77' lang='lat' dir='ltr'><strong>superest,</strong></span> <span class='ocrx_word' id='word_1_184' title='bbox 2098 3248 2318 3329; x_wconf 88' lang='lat' dir='ltr'><strong>illud,</strong></span> 
     </span>
    </p>

    <p class='ocr_par' dir='ltr' id='par_1_16' title="bbox 806 3342 2358 3720">
     <span class='ocr_line' id='line_1_31' title="bbox 821 3342 2358 3436; baseline -0.006 -20"><span class='ocrx_word' id='word_1_185' title='bbox 821 3353 985 3436; x_wconf 89' lang='lat' dir='ltr'><strong>quia</strong></span> <span class='ocrx_word' id='word_1_186' title='bbox 1025 3370 1177 3414; x_wconf 84' lang='lat' dir='ltr'><strong>eum</strong></span> <span class='ocrx_word' id='word_1_187' title='bbox 1229 3350 1369 3427; x_wconf 86' lang='lat' dir='ltr'><strong>alio</strong></span> <span class='ocrx_word' id='word_1_188' title='bbox 1422 3361 1591 3433; x_wconf 86' lang='lat' dir='ltr'><strong>typo</strong></span> <span class='ocrx_word' id='word_1_189' title='bbox 1670 3349 1796 3410; x_wconf 77' lang='lat' dir='ltr'><strong>vix</strong></span> <span class='ocrx_word' id='word_1_190' title='bbox 1875 3344 1992 3408; x_wconf 89' lang='lat' dir='ltr'><strong>alii</strong></span> <span class='ocrx_word' id='word_1_191' title='bbox 2044 3342 2358 3409; x_wconf 86' lang='lat' dir='ltr'><strong>exstant.</strong></span> 
     </span>
     <span class='ocr_line' id='line_1_32' title="bbox 820 3438 2321 3510; baseline -0.005 0"><span class='ocrx_word' id='word_1_192' title='bbox 820 3449 1114 3510; x_wconf 81' lang='lat' dir='ltr'><strong>Immota</strong></span> <span class='ocrx_word' id='word_1_193' title='bbox 1159 3444 1331 3507; x_wconf 85' lang='lat' dir='ltr'><strong>haec</strong></span> <span class='ocrx_word' id='word_1_194' title='bbox 1384 3452 1697 3505; x_wconf 85' lang='lat' dir='ltr'><strong>monetae</strong></span> <span class='ocrx_word' id='word_1_195' title='bbox 1757 3438 2169 3502; x_wconf 86' lang='lat' dir='ltr'><strong>Tiberianae</strong></span> <span class='ocrx_word' id='word_1_196' title='bbox 2205 3438 2321 3502; x_wconf 82' lang='lat' dir='ltr'><strong>lex</strong></span> 
     </span>
     <span class='ocr_line' id='line_1_33' title="bbox 806 3532 2320 3626; baseline -0.008 -20"><span class='ocrx_word' id='word_1_197' title='bbox 806 3537 1059 3626; x_wconf 80' lang='lat' dir='ltr'><strong>&#39;plane</strong></span> <span class='ocrx_word' id='word_1_198' title='bbox 1059 3561 1146 3604; x_wconf 83' lang='lat' dir='ltr'><strong>ex</strong></span> <span class='ocrx_word' id='word_1_199' title='bbox 1184 3538 1458 3601; x_wconf 87' lang='lat' dir='ltr'><strong>Tiberii</strong></span> <span class='ocrx_word' id='word_1_200' title='bbox 1497 3535 1766 3619; x_wconf 85' lang='lat' dir='ltr'><strong>ingenio</strong></span> <span class='ocrx_word' id='word_1_201' title='bbox 1806 3532 1940 3596; x_wconf 83' lang='lat' dir='ltr'><strong>fuit</strong></span> <span class='ocrx_word' id='word_1_202' title='bbox 1985 3533 2156 3596; x_wconf 82' lang='lat' dir='ltr'><strong>nihil</strong></span> <span class='ocrx_word' id='word_1_203' title='bbox 2201 3533 2320 3594; x_wconf 88' lang='lat' dir='ltr'><strong>im·</strong></span> 
     </span>
     <span class='ocr_line' id='line_1_34' title="bbox 820 3629 2321 3720; baseline -0.007 -21"><span class='ocrx_word' id='word_1_204' title='bbox 820 3649 1082 3699; x_wconf 89' lang='lat' dir='ltr'><strong>mutare</strong></span> <span class='ocrx_word' id='word_1_205' title='bbox 1112 3633 1483 3720; x_wconf 76' lang='lat' dir='ltr'><strong>cupientis,</strong></span> <span class='ocrx_word' id='word_1_206' title='bbox 1534 3630 1890 3711; x_wconf 83' lang='lat' dir='ltr'><strong>nimirum,</strong></span> <span class='ocrx_word' id='word_1_207' title='bbox 1940 3640 2015 3691; x_wconf 91' lang='lat' dir='ltr'><strong>ut</strong></span> <span class='ocrx_word' id='word_1_208' title='bbox 2051 3629 2148 3691; x_wconf 85' lang='lat' dir='ltr'><strong>ait</strong></span> <span class='ocrx_word' id='word_1_209' title='bbox 2181 3629 2321 3690; x_wconf 87' lang='lat' dir='ltr'><strong>Ta-</strong></span> 
     </span>
    </p>
   </div>
   <div class='ocr_carea' id='block_1_14' title="bbox 824 3732 1035 3795">
    <p class='ocr_par' dir='ltr' id='par_1_17' title="bbox 824 3732 1035 3795">
     <span class='ocr_line' id='line_1_35' title="bbox 824 3732 1035 3795; baseline -0.012 0"><span class='ocrx_word' id='word_1_210' title='bbox 824 3732 1035 3795; x_wconf 69' lang='lat' dir='ltr'><strong>Cltu82</strong></span> 
     </span>
    </p>
   </div>
   <div class='ocr_carea' id='block_1_15' title="bbox 804 3675 2330 3905">
    <p class='ocr_par' dir='ltr' id='par_1_18' title="bbox 804 3675 2330 3905">
     <span class='ocr_line' id='line_1_36' title="bbox 1088 3675 2325 3812; baseline -0.007 -20"><span class='ocrx_word' id='word_1_211' title='bbox 1088 3718 1157 3812; x_wconf 77' lang='lat'><strong>¹³)</strong></span> <span class='ocrx_word' id='word_1_212' title='bbox 1211 3728 1420 3811; x_wconf 82' lang='lat' dir='ltr'><strong>causae</strong></span> <span class='ocrx_word' id='word_1_213' title='bbox 1449 3727 1667 3789; x_wconf 78' lang='lat' dir='ltr'><strong>variae</strong></span> <span class='ocrx_word' id='word_1_214' title='bbox 1691 3675 2037 3787; x_wconf 60' lang='lat' dir='ltr'><strong>tradu&#39;ntur</strong></span> <span class='ocrx_word' id='word_1_215' title='bbox 2084 3723 2325 3806; x_wconf 69' lang='lat' dir='ltr'><strong>(impes</strong></span> 
     </span>
     <span class='ocr_line' id='line_1_37' title="bbox 804 3806 2330 3905; baseline -0.008 -17"><span class='ocrx_word' id='word_1_216' title='bbox 804 3823 1074 3888; x_wconf 65' lang='lat' dir='ltr'><strong>‘riorum</strong></span> <span class='ocrx_word' id='word_1_217' title='bbox 1146 3822 1215 3888; x_wconf 83' lang='grc' dir='ltr'><strong>ἰιι</strong></span> <span class='ocrx_word' id='word_1_218' title='bbox 1283 3817 1651 3905; x_wconf 82' lang='lat' dir='ltr'><strong>provinciis</strong></span> <span class='ocrx_word' id='word_1_219' title='bbox 1742 3806 2330 3902; x_wconf 75' lang='lat' dir='ltr'><strong>continuatorum)</strong></span> 
     </span>
    </p>
   </div>
   <div class='ocr_carea' id='block_1_16' title="bbox 2394 934 3904 2057">
    <p class='ocr_par' dir='ltr' id='par_1_19' title="bbox 2394 934 3904 2057">
     <span class='ocr_line' id='line_1_38' title="bbox 2411 934 3903 1074; baseline 0.003 -21"><span class='ocrx_word' id='word_1_220' title='bbox 2411 988 2418 997; x_wconf 86' lang='lat'>&#39;</span> <span class='ocrx_word' id='word_1_221' title='bbox 2491 992 2850 1054; x_wconf 85' lang='lat' dir='ltr'><strong>Mulierem</strong></span> <span class='ocrx_word' id='word_1_222' title='bbox 2916 989 3248 1052; x_wconf 83' lang='lat' dir='ltr'><strong>sedentem</strong></span> <span class='ocrx_word' id='word_1_223' title='bbox 3336 934 3561 1074; x_wconf 73' lang='lat' dir='ltr'><strong>partie</strong></span> <span class='ocrx_word' id='word_1_224' title='bbox 3622 997 3903 1058; x_wconf 81' lang='lat' dir='ltr'><strong>aversae</strong></span> 
     </span>
     <span class='ocr_line' id='line_1_39' title="bbox 2396 1076 3897 1169; baseline 0.004 -21"><span class='ocrx_word' id='word_1_225' title='bbox 2396 1076 2582 1162; x_wconf 83' lang='lat' dir='ltr'><strong>sunt,</strong></span> <span class='ocrx_word' id='word_1_226' title='bbox 2635 1086 2778 1169; x_wconf 89' lang='lat' dir='ltr'><strong>qui</strong></span> <span class='ocrx_word' id='word_1_227' title='bbox 2832 1083 3075 1147; x_wconf 87' lang='lat' dir='ltr'><strong>Iuliam</strong></span> <span class='ocrx_word' id='word_1_228' title='bbox 3155 1080 3440 1147; x_wconf 84' lang='lat' dir='ltr'><strong>matrem</strong></span> <span class='ocrx_word' id='word_1_229' title='bbox 3481 1087 3897 1157; x_wconf 79' lang='lat' dir='ltr'><strong>existiment.</strong></span> 
     </span>
     <span class='ocr_line' id='line_1_40' title="bbox 2398 1177 3901 1264; baseline 0.003 -22"><span class='ocrx_word' id='word_1_230' title='bbox 2398 1181 2555 1242; x_wconf 88' lang='lat' dir='ltr'><strong>Non</strong></span> <span class='ocrx_word' id='word_1_231' title='bbox 2586 1179 2817 1261; x_wconf 85' lang='lat' dir='ltr'><strong>credo,</strong></span> <span class='ocrx_word' id='word_1_232' title='bbox 2867 1177 3246 1261; x_wconf 76' lang='lat' dir='ltr'><strong>Tiberium,</strong></span> <span class='ocrx_word' id='word_1_233' title='bbox 3294 1178 3407 1260; x_wconf 90' lang='lat' dir='ltr'><strong>qui</strong></span> <span class='ocrx_word' id='word_1_234' title='bbox 3421 1180 3730 1264; x_wconf 78' lang='lat' dir='ltr'><strong>publicis</strong></span> <span class='ocrx_word' id='word_1_235' title='bbox 3760 1203 3901 1247; x_wconf 86' lang='lat' dir='ltr'><strong>ma-</strong></span> 
     </span>
     <span class='ocr_line' id='line_1_41' title="bbox 2400 1272 3900 1356; baseline 0.003 -20"><span class='ocrx_word' id='word_1_236' title='bbox 2400 1276 2520 1336; x_wconf 83' lang='lat' dir='ltr'><strong>tris</strong></span> <span class='ocrx_word' id='word_1_237' title='bbox 2564 1274 2937 1337; x_wconf 84' lang='lat' dir='ltr'><strong>honoribus</strong></span> <span class='ocrx_word' id='word_1_238' title='bbox 2971 1273 3200 1356; x_wconf 88' lang='lat' dir='ltr'><strong>palam</strong></span> <span class='ocrx_word' id='word_1_239' title='bbox 3237 1272 3491 1356; x_wconf 81' lang='lat' dir='ltr'><strong>semper</strong></span> <span class='ocrx_word' id='word_1_240' title='bbox 3522 1272 3612 1337; x_wconf 82' lang='lat' dir='ltr'><strong>est</strong></span> <span class='ocrx_word' id='word_1_241' title='bbox 3648 1277 3900 1340; x_wconf 84' lang='lat' dir='ltr'><strong>adver-</strong></span> 
     </span>
     <span class='ocr_line' id='line_1_42' title="bbox 2401 1366 3902 1445; baseline 0.003 -15"><span class='ocrx_word' id='word_1_242' title='bbox 2401 1367 2616 1445; x_wconf 71' lang='lat' dir='ltr'><strong>satuS,</strong></span> <span class='ocrx_word' id='word_1_243' title='bbox 2667 1368 2944 1432; x_wconf 80' lang='lat' dir='ltr'><strong>voluiss&#39;e</strong></span> <span class='ocrx_word' id='word_1_244' title='bbox 2980 1366 3095 1430; x_wconf 82' lang='lat' dir='ltr'><strong>libi</strong></span> <span class='ocrx_word' id='word_1_245' title='bbox 3160 1382 3444 1430; x_wconf 87' lang='lat' dir='ltr'><strong>matrem</strong></span> <span class='ocrx_word' id='word_1_246' title='bbox 3501 1369 3568 1431; x_wconf 86' lang='lat' dir='ltr'><strong>in</strong></span> <span class='ocrx_word' id='word_1_247' title='bbox 3620 1384 3902 1435; x_wconf 77' lang='lat' dir='ltr'><strong>moneta</strong></span> 
     </span>
     <span class='ocr_line' id='line_1_43' title="bbox 2401 1461 3900 1548; baseline 0.003 -24"><span class='ocrx_word' id='word_1_248' title='bbox 2401 1463 2517 1525; x_wconf 85' lang='lat' dir='ltr'><strong>sua</strong></span> <span class='ocrx_word' id='word_1_249' title='bbox 2557 1462 2821 1525; x_wconf 87' lang='lat' dir='ltr'><strong>sociari.</strong></span> <span class='ocrx_word' id='word_1_250' title='bbox 2867 1463 3028 1527; x_wconf 69' lang='lat' dir='ltr'><strong>0‘Ad</strong></span> <span class='ocrx_word' id='word_1_251' title='bbox 3059 1461 3232 1525; x_wconf 89' lang='lat' dir='ltr'><strong>haec</strong></span> <span class='ocrx_word' id='word_1_252' title='bbox 3271 1463 3434 1546; x_wconf 89' lang='lat' dir='ltr'><strong>quid</strong></span> <span class='ocrx_word' id='word_1_253' title='bbox 3470 1465 3704 1527; x_wconf 84' lang='lat' dir='ltr'><strong>addita</strong></span> <span class='ocrx_word' id='word_1_254' title='bbox 3727 1486 3900 1548; x_wconf 70' lang='lat' dir='ltr'><strong>pon-</strong></span> 
     </span>
     <span class='ocr_line' id='line_1_44' title="bbox 2400 1556 3897 1643; baseline 0 -23"><span class='ocrx_word' id='word_1_255' title='bbox 2400 1559 2584 1643; x_wconf 63' lang='lat' dir='ltr'><strong>tfficis</strong></span> <span class='ocrx_word' id='word_1_256' title='bbox 2639 1558 2904 1621; x_wconf 73' lang='lat' dir='ltr'><strong>maximi</strong></span> <span class='ocrx_word' id='word_1_257' title='bbox 2985 1556 3367 1641; x_wconf 84' lang='lat' dir='ltr'><strong>epigraphe·</strong></span> <span class='ocrx_word' id='word_1_258' title='bbox 3438 1559 3523 1619; x_wconf 87' lang='lat' dir='ltr'><strong>ad</strong></span> <span class='ocrx_word' id='word_1_259' title='bbox 3595 1558 3897 1620; x_wconf 67' lang='lat' dir='ltr'><strong>Iuliam?</strong></span> 
     </span>
     <span class='ocr_line' id='line_1_45' title="bbox 2404 1647 3904 1735; baseline 0.001 -21"><span class='ocrx_word' id='word_1_260' title='bbox 2404 1652 2641 1714; x_wconf 84' lang='lat' dir='ltr'><strong>Verius</strong></span> <span class='ocrx_word' id='word_1_261' title='bbox 2672 1652 2876 1734; x_wconf 84' lang='lat' dir='ltr'><strong>igitur</strong></span> <span class='ocrx_word' id='word_1_262' title='bbox 2906 1647 2995 1711; x_wconf 82' lang='lat' dir='ltr'><strong>est</strong></span> <span class='ocrx_word' id='word_1_263' title='bbox 3038 1650 3415 1731; x_wconf 84' lang='lat' dir='ltr'><strong>symbolica</strong></span> <span class='ocrx_word' id='word_1_264' title='bbox 3469 1652 3904 1735; x_wconf 77' lang='lat' dir='ltr'><strong>pontificatus</strong></span> 
     </span>
     <span class='ocr_line' id='line_1_46' title="bbox 2404 1743 3897 1829; baseline 0.003 -23"><span class='ocrx_word' id='word_1_265' title='bbox 2404 1747 2548 1827; x_wconf 83' lang='lat' dir='ltr'><strong>ejus</strong></span> <span class='ocrx_word' id='word_1_266' title='bbox 2591 1746 2860 1829; x_wconf 86' lang='lat' dir='ltr'><strong>imago,</strong></span> <span class='ocrx_word' id='word_1_267' title='bbox 2914 1763 3088 1828; x_wconf 89' lang='lat' dir='ltr'><strong>quae</strong></span> <span class='ocrx_word' id='word_1_268' title='bbox 3119 1764 3380 1807; x_wconf 82' lang='lat' dir='ltr'><strong>ramum</strong></span> <span class='ocrx_word' id='word_1_269' title='bbox 3433 1743 3764 1809; x_wconf 81' lang='lat' dir='ltr'><strong>lustralem</strong></span> <span class='ocrx_word' id='word_1_270' title='bbox 3823 1767 3897 1810; x_wconf 89' lang='lat' dir='ltr'><strong>e-</strong></span> 
     </span>
     <span class='ocr_line' id='line_1_47' title="bbox 2394 1838 3848 1923; baseline 0.002 -22"><span class='ocrx_word' id='word_1_271' title='bbox 2394 1842 2502 1920; x_wconf 83' lang='lat' dir='ltr'><strong>jus</strong></span> <span class='ocrx_word' id='word_1_272' title='bbox 2536 1841 2826 1902; x_wconf 82' lang='lat' dir='ltr'><strong>muneris</strong></span> <span class='ocrx_word' id='word_1_273' title='bbox 2857 1838 3248 1901; x_wconf 86' lang='lat' dir='ltr'><strong>attributum</strong></span> <span class='ocrx_word' id='word_1_274' title='bbox 3296 1858 3495 1901; x_wconf 86' lang='lat' dir='ltr'><strong>manu</strong></span> <span class='ocrx_word' id='word_1_275' title='bbox 3532 1840 3848 1923; x_wconf 81' lang='lat' dir='ltr'><strong>praefert.</strong></span> 
     </span>
     <span class='ocr_line' id='line_1_48' title="bbox 2497 1931 3733 2016; baseline 0.002 -19"><span class='ocrx_word' id='word_1_276' title='bbox 2497 1935 2794 1999; x_wconf 71' lang='lat' dir='ltr'><strong>Numam</strong></span> <span class='ocrx_word' id='word_1_277' title='bbox 2837 1933 3015 1996; x_wconf 84' lang='lat' dir='ltr'><strong>hune</strong></span> <span class='ocrx_word' id='word_1_278' title='bbox 3049 1931 3329 1996; x_wconf 83' lang='lat' dir='ltr'><strong>restituit</strong></span> <span class='ocrx_word' id='word_1_279' title='bbox 3375 1935 3733 2016; x_wconf 66' lang='lat' dir='ltr'><strong>TrajanuS.</strong></span> 
     </span>
     <span class='ocr_line' id='line_1_49' title="bbox 3131 2026 3160 2057; baseline 0 0"><span class='ocrx_word' id='word_1_280' title='bbox 3131 2026 3160 2057; x_wconf 56' lang='grc'><strong><em>4</em></strong></span> 
     </span>
    </p>
   </div>
   <div class='ocr_carea' id='block_1_17' title="bbox 2395 2077 3911 2815">
    <p class='ocr_par' dir='ltr' id='par_1_20' title="bbox 2395 2077 3911 2815">
     <span class='ocr_line' id='line_1_50' title="bbox 2953 2077 3346 2110; baseline -0.003 0"><span class='ocrx_word' id='word_1_281' title='bbox 2953 2077 2985 2110; x_wconf 67' lang='lat'><strong>*²</strong></span> <span class='ocrx_word' id='word_1_282' title='bbox 3307 2081 3346 2109; x_wconf 56' lang='grc'><strong>1·</strong></span> 
     </span>
     <span class='ocr_line' id='line_1_51' title="bbox 2590 2120 3911 2209; baseline 0.003 -22"><span class='ocrx_word' id='word_1_283' title='bbox 2590 2122 2713 2187; x_wconf 86' lang='lat' dir='ltr'><strong>TI.</strong></span> <span class='ocrx_word' id='word_1_284' title='bbox 2756 2120 2976 2187; x_wconf 87' lang='lat' dir='ltr'><strong>DIVI.</strong></span> <span class='ocrx_word' id='word_1_285' title='bbox 3023 2125 3098 2185; x_wconf 91' lang='lat' dir='ltr'><strong>F.</strong></span> <span class='ocrx_word' id='word_1_286' title='bbox 3157 2121 3655 2189; x_wconf 86' lang='lat' dir='ltr'><strong>AVGVSTVS.</strong></span> <span class='ocrx_word' id='word_1_287' title='bbox 3705 2124 3911 2209; x_wconf 77' lang='lat' dir='ltr'><strong>Caput</strong></span> 
     </span>
     <span class='ocr_line' id='line_1_52' title="bbox 2690 2217 3059 2281; baseline 0.008 -3"><span class='ocrx_word' id='word_1_288' title='bbox 2690 2217 3059 2281; x_wconf 78' lang='lat' dir='ltr'><strong>laureatum.</strong></span> 
     </span>
     <span class='ocr_line' id='line_1_53' title="bbox 2402 2311 3911 2402; baseline 0.003 -27"><span class='ocrx_word' id='word_1_289' title='bbox 2402 2313 2551 2376; x_wconf 87' lang='lat' dir='ltr'><strong>TR.</strong></span> <span class='ocrx_word' id='word_1_290' title='bbox 2582 2311 2790 2374; x_wconf 87' lang='lat' dir='ltr'><strong>POT.</strong></span> <span class='ocrx_word' id='word_1_291' title='bbox 2829 2312 3044 2374; x_wconf 91' lang='lat' dir='ltr'><strong>XVII.</strong></span> <span class='ocrx_word' id='word_1_292' title='bbox 3103 2313 3396 2377; x_wconf 76' lang='lat' dir='ltr'><strong>Victoria</strong></span> <span class='ocrx_word' id='word_1_293' title='bbox 3425 2311 3614 2395; x_wconf 75' lang='lat' dir='ltr'><strong>globo</strong></span> <span class='ocrx_word' id='word_1_294' title='bbox 3645 2313 3911 2402; x_wconf 54' lang='lat' dir='ltr'><strong>&amp;fidens</strong></span> 
     </span>
     <span class='ocr_line' id='line_1_54' title="bbox 2403 2405 3412 2489; baseline 0.004 -22"><span class='ocrx_word' id='word_1_295' title='bbox 2403 2406 2678 2473; x_wconf 71' lang='lat' dir='ltr'><strong>lauream</strong></span> <span class='ocrx_word' id='word_1_296' title='bbox 2716 2413 2952 2489; x_wconf 56' lang='lat' dir='ltr'><strong>aptat„</strong></span> <span class='ocrx_word' id='word_1_297' title='bbox 3022 2405 3223 2487; x_wconf 86' lang='lat' dir='ltr'><strong>Quin.</strong></span> <span class='ocrx_word' id='word_1_298' title='bbox 3276 2410 3412 2471; x_wconf 87' lang='lat' dir='ltr'><strong>AV.</strong></span> 
     </span>
     <span class='ocr_line' id='line_1_55' title="bbox 2417 2490 3906 2582; baseline 0.001 -19"><span class='ocrx_word' id='word_1_299' title='bbox 2417 2490 2432 2503; x_wconf 77' lang='grc'><em>’</em></span> <span class='ocrx_word' id='word_1_300' title='bbox 2497 2501 2688 2563; x_wconf 83' lang='lat' dir='ltr'><strong>Haec</strong></span> <span class='ocrx_word' id='word_1_301' title='bbox 2755 2501 3215 2582; x_wconf 83' lang='lat' dir='ltr'><strong>quinariorum</strong></span> <span class='ocrx_word' id='word_1_302' title='bbox 3304 2517 3666 2563; x_wconf 84' lang='lat' dir='ltr'><strong>aureorum</strong></span> <span class='ocrx_word' id='word_1_303' title='bbox 3721 2504 3906 2566; x_wconf 75' lang='lat' dir='ltr'><strong>ratio</strong></span> 
     </span>
     <span class='ocr_line' id='line_1_56' title="bbox 2395 2591 3906 2679; baseline 0.003 -24"><span class='ocrx_word' id='word_1_304' title='bbox 2395 2596 2536 2673; x_wconf 80' lang='lat' dir='ltr'><strong>jam</strong></span> <span class='ocrx_word' id='word_1_305' title='bbox 2572 2594 2799 2675; x_wconf 86' lang='lat' dir='ltr'><strong>coepit</strong></span> <span class='ocrx_word' id='word_1_306' title='bbox 2844 2592 2957 2655; x_wconf 86' lang='lat' dir='ltr'><strong>sub</strong></span> <span class='ocrx_word' id='word_1_307' title='bbox 3007 2591 3296 2679; x_wconf 85' lang='lat' dir='ltr'><strong>Augusto</strong></span> <span class='ocrx_word' id='word_1_308' title='bbox 3324 2630 3364 2670; x_wconf 43' lang='lat'><strong>,1</strong></span> <span class='ocrx_word' id='word_1_309' title='bbox 3407 2605 3476 2656; x_wconf 84' lang='lat' dir='ltr'><strong>et</strong></span> <span class='ocrx_word' id='word_1_310' title='bbox 3511 2615 3636 2679; x_wconf 82' lang='lat' dir='ltr'><strong>per</strong></span> <span class='ocrx_word' id='word_1_311' title='bbox 3682 2607 3906 2659; x_wconf 80' lang='lat' dir='ltr'><strong>totum</strong></span> 
     </span>
     <span class='ocr_line' id='line_1_57' title="bbox 2402 2687 3476 2773; baseline 0.004 -24"><span class='ocrx_word' id='word_1_312' title='bbox 2402 2687 2662 2750; x_wconf 74' lang='lat' dir='ltr'><strong>Tibe—rii</strong></span> <span class='ocrx_word' id='word_1_313' title='bbox 2698 2687 3052 2772; x_wconf 87' lang='lat' dir='ltr'><strong>imperium</strong></span> <span class='ocrx_word' id='word_1_314' title='bbox 3090 2688 3476 2773; x_wconf 87' lang='lat' dir='ltr'><strong>porrigitur.</strong></span> 
     </span>
     <span class='ocr_line' id='line_1_58' title="bbox 3142 2783 3169 2815; baseline 0 -4"><span class='ocrx_word' id='word_1_315' title='bbox 3142 2783 3169 2815; x_wconf 54' lang='lat' dir='ltr'><strong>U</strong></span> 
     </span>
    </p>
   </div>
   <div class='ocr_carea' id='block_1_18' title="bbox 2369 2831 3915 3713">
    <p class='ocr_par' dir='ltr' id='par_1_21' title="bbox 2395 2831 3915 3713">
     <span class='ocr_line' id='line_1_59' title="bbox 2780 2831 3346 2864; baseline 0.009 -5"><span class='ocrx_word' id='word_1_316' title='bbox 2780 2844 2786 2852; x_wconf 93' lang='lat'>·</span> <span class='ocrx_word' id='word_1_317' title='bbox 2964 2831 2991 2862; x_wconf 55' lang='grc' dir='ltr'><em>Β</em></span> <span class='ocrx_word' id='word_1_318' title='bbox 3316 2833 3346 2864; x_wconf 52' lang='grc' dir='ltr'><strong><em>ἢ</em></strong></span> 
     </span>
     <span class='ocr_line' id='line_1_60' title="bbox 2689 2871 3907 2942; baseline 0.004 -7"><span class='ocrx_word' id='word_1_319' title='bbox 2689 2876 2754 2935; x_wconf 92' lang='lat' dir='ltr'><strong>T</strong></span> <span class='ocrx_word' id='word_1_320' title='bbox 2759 2876 2810 2938; x_wconf 85' lang='lat'><strong>1.</strong></span> <span class='ocrx_word' id='word_1_321' title='bbox 2854 2871 3223 2942; x_wconf 85' lang='lat' dir='ltr'><strong>CAESAR.</strong></span> <span class='ocrx_word' id='word_1_322' title='bbox 3275 2877 3496 2940; x_wconf 92' lang='lat' dir='ltr'><strong>DIVI.</strong></span> <span class='ocrx_word' id='word_1_323' title='bbox 3562 2874 3770 2940; x_wconf 86' lang='lat' dir='ltr'><strong>AVG.</strong></span> <span class='ocrx_word' id='word_1_324' title='bbox 3821 2876 3907 2940; x_wconf 78' lang='lat' dir='ltr'><strong>F.</strong></span> 
     </span>
     <span class='ocr_line' id='line_1_61' title="bbox 2691 2967 3905 3055; baseline 0.004 -23"><span class='ocrx_word' id='word_1_325' title='bbox 2691 2967 3079 3034; x_wconf 86' lang='lat' dir='ltr'><strong>AvGVST.</strong></span> <span class='ocrx_word' id='word_1_326' title='bbox 3120 2970 3305 3033; x_wconf 85' lang='lat' dir='ltr'><strong>IMP.</strong></span> <span class='ocrx_word' id='word_1_327' title='bbox 3342 2972 3496 3034; x_wconf 88' lang='lat' dir='ltr'><strong>VII.</strong></span> <span class='ocrx_word' id='word_1_328' title='bbox 3552 2972 3752 3055; x_wconf 64' lang='lat' dir='ltr'><strong>Caput</strong></span> <span class='ocrx_word' id='word_1_329' title='bbox 3786 2989 3905 3037; x_wconf 69' lang='lat' dir='ltr'><strong>nu·</strong></span> 
     </span>
     <span class='ocr_line' id='line_1_62' title="bbox 2696 3062 2859 3128; baseline -0.021 0"><span class='ocrx_word' id='word_1_330' title='bbox 2696 3062 2859 3128; x_wconf 69' lang='lat' dir='ltr'><strong>dum.</strong></span> 
     </span>
     <span class='ocr_line' id='line_1_63' title="bbox 2404 3156 3915 3225; baseline 0.001 -5"><span class='ocrx_word' id='word_1_331' title='bbox 2404 3156 2763 3220; x_wconf 87' lang='lat' dir='ltr'><strong>PONTIF.</strong></span> <span class='ocrx_word' id='word_1_332' title='bbox 2785 3158 3121 3220; x_wconf 81' lang='lat' dir='ltr'><strong>MAXIM.</strong></span> <span class='ocrx_word' id='word_1_333' title='bbox 3145 3159 3515 3223; x_wconf 87' lang='lat' dir='ltr'><strong>TRIBVN.</strong></span> <span class='ocrx_word' id='word_1_334' title='bbox 3528 3158 3712 3222; x_wconf 88' lang='lat' dir='ltr'><strong>POT</strong></span> <span class='ocrx_word' id='word_1_335' title='bbox 3715 3157 3915 3225; x_wconf 87' lang='lat' dir='ltr'><strong>EST</strong></span> 
     </span>
     <span class='ocr_line' id='line_1_64' title="bbox 2404 3250 3912 3346; baseline 0.001 -32"><span class='ocrx_word' id='word_1_336' title='bbox 2404 3250 2617 3314; x_wconf 86' lang='lat' dir='ltr'><strong>XVII.</strong></span> <span class='ocrx_word' id='word_1_337' title='bbox 2663 3250 2730 3313; x_wconf 90' lang='lat' dir='ltr'><strong>S.</strong></span> <span class='ocrx_word' id='word_1_338' title='bbox 2772 3250 2848 3314; x_wconf 90' lang='lat' dir='ltr'><strong>C.</strong></span> <span class='ocrx_word' id='word_1_339' title='bbox 2886 3252 3125 3316; x_wconf 74' lang='lat' dir='ltr'><strong>Mulier</strong></span> <span class='ocrx_word' id='word_1_340' title='bbox 3159 3258 3355 3346; x_wconf 74' lang='lat' dir='ltr'><strong>capite</strong></span> <span class='ocrx_word' id='word_1_341' title='bbox 3377 3253 3576 3318; x_wconf 81' lang='lat' dir='ltr'><strong>velato</strong></span> <span class='ocrx_word' id='word_1_342' title='bbox 3591 3253 3808 3339; x_wconf 65' lang='lat' dir='ltr'><strong>sedem</strong></span> <span class='ocrx_word' id='word_1_343' title='bbox 3839 3255 3912 3316; x_wconf 70' lang='lat' dir='ltr'><strong>d.</strong></span> 
     </span>
     <span class='ocr_line' id='line_1_65' title="bbox 2395 3328 3915 3433; baseline -0.001 -23"><span class='ocrx_word' id='word_1_344' title='bbox 2395 3353 2728 3430; x_wconf 76' lang='lat' dir='ltr'><strong>pateram,</strong></span> <span class='ocrx_word' id='word_1_345' title='bbox 2760 3348 2820 3431; x_wconf 92' lang='lat' dir='ltr'><strong>s.</strong></span> <span class='ocrx_word' id='word_1_346' title='bbox 2851 3342 3101 3433; x_wconf 77' lang='lat' dir='ltr'><strong>hastam.</strong></span> <span class='ocrx_word' id='word_1_347' title='bbox 3202 3328 3343 3412; x_wconf 64' lang='lat' dir='ltr'><strong>AE.</strong></span> <span class='ocrx_word' id='word_1_348' title='bbox 3365 3353 3444 3411; x_wconf 87' lang='lat'><strong>11.</strong></span> <span class='ocrx_word' id='word_1_349' title='bbox 3468 3348 3672 3432; x_wconf 84' lang='lat' dir='ltr'><strong>(Mus.</strong></span> <span class='ocrx_word' id='word_1_350' title='bbox 3691 3345 3915 3421; x_wconf 72' lang='lat' dir='ltr'><strong>Caes.)</strong></span> 
     </span>
     <span class='ocr_line' id='line_1_66' title="bbox 2501 3438 3914 3526; baseline 0.001 -25"><span class='ocrx_word' id='word_1_351' title='bbox 2501 3441 2636 3501; x_wconf 89' lang='lat' dir='ltr'><strong>De</strong></span> <span class='ocrx_word' id='word_1_352' title='bbox 2654 3438 2831 3525; x_wconf 82' lang='lat' dir='ltr'><strong>ligno</strong></span> <span class='ocrx_word' id='word_1_353' title='bbox 2872 3442 3190 3518; x_wconf 84' lang='lat' dir='ltr'><strong>aversae,</strong></span> <span class='ocrx_word' id='word_1_354' title='bbox 3259 3462 3394 3526; x_wconf 87' lang='lat' dir='ltr'><strong>quo</strong></span> <span class='ocrx_word' id='word_1_355' title='bbox 3453 3443 3638 3504; x_wconf 84' lang='lat' dir='ltr'><strong>haud</strong></span> <span class='ocrx_word' id='word_1_356' title='bbox 3703 3440 3914 3503; x_wconf 85' lang='lat' dir='ltr'><strong>dubie</strong></span> 
     </span>
     <span class='ocr_line' id='line_1_67' title="bbox 2369 3534 3312 3645; baseline 0.002 -48.086"><span class='ocrx_word' id='word_1_357' title='bbox 2369 3534 2580 3597; x_wconf 92' lang='lat' dir='ltr'><strong>·Iulia</strong></span> <span class='ocrx_word' id='word_1_358' title='bbox 2618 3548 2835 3598; x_wconf 83' lang='lat' dir='ltr'><strong>mater</strong></span> <span class='ocrx_word' id='word_1_359' title='bbox 2864 3535 3264 3645; x_wconf 81' lang='lat' dir='ltr'><strong>proponitur</strong></span> <span class='ocrx_word' id='word_1_360' title='bbox 3290 3584 3312 3615; x_wconf 88' lang='lat'><strong>,</strong></span> 
     </span>
     <span class='ocr_line' id='line_1_68' title="bbox 2408 3631 2964 3713; baseline -0.004 -21"><span class='ocrx_word' id='word_1_361' title='bbox 2408 3631 2477 3692; x_wconf 83' lang='lat' dir='ltr'><strong>in</strong></span> <span class='ocrx_word' id='word_1_362' title='bbox 2532 3634 2673 3713; x_wconf 86' lang='lat' dir='ltr'><strong>ejus</strong></span> <span class='ocrx_word' id='word_1_363' title='bbox 2722 3631 2964 3694; x_wconf 80' lang='lat' dir='ltr'><strong>nuruis.</strong></span> 
     </span>
    </p>
   </div>
   <div class='ocr_carea' id='block_1_19' title="bbox 3410 3534 3914 3618">
    <p class='ocr_par' dir='ltr' id='par_1_22' title="bbox 3410 3534 3914 3618">
     <span class='ocr_line' id='line_1_69' title="bbox 3410 3534 3914 3618; baseline -0.006 -19"><span class='ocrx_word' id='word_1_364' title='bbox 3410 3549 3635 3606; x_wconf 84' lang='lat' dir='ltr'><strong>actum</strong></span> <span class='ocrx_word' id='word_1_365' title='bbox 3706 3534 3914 3618; x_wconf 75' lang='lat' dir='ltr'><strong>supra</strong></span> 
     </span>
    </p>
   </div>
   <div class='ocr_carea' id='block_1_20' title="bbox 2502 3771 3916 3882">
    <p class='ocr_par' dir='ltr' id='par_1_23' title="bbox 2502 3771 3880 3882">
     <span class='ocr_line' id='line_1_70' title="bbox 2960 3771 3345 3805; baseline -0.003 0"><span class='ocrx_word' id='word_1_366' title='bbox 2960 3773 2991 3805; x_wconf 54' lang='grc' dir='ltr'><em>ἢ</em></span> <span class='ocrx_word' id='word_1_367' title='bbox 3314 3771 3345 3804; x_wconf 60' lang='lat'>8</span> 
     </span>
     <span class='ocr_line' id='line_1_71' title="bbox 2502 3815 3916 3882; baseline -0.001 0"><span class='ocrx_word' id='word_1_368' title='bbox 2502 3815 3158 3882; x_wconf 83' lang='lat' dir='ltr'><strong>Commemorandus</strong></span> <span class='ocrx_word' id='word_1_369' title='bbox 3186 3817 3297 3881; x_wconf 80' lang='lat' dir='ltr'><strong>hie</strong></span> <span class='ocrx_word' id='word_1_370' title='bbox 3337 3836 3575 3882; x_wconf 80' lang='lat' dir='ltr'><strong>numus</strong></span> <span class='ocrx_word' id='word_1_371' title='bbox 3607 3816 3776 3881; x_wconf 83' lang='lat' dir='ltr'><strong>alius</strong></span> <span class='ocrx_word' id='word_1_372' title='bbox 3811 3819 3916 3880; x_wconf 82' lang='lat' dir='ltr'><strong>in·</strong></span> 
     </span>
    </p>
   </div>
   <div class='ocr_carea' id='block_1_21' title="bbox 825 3911 3602 3998">
    <p class='ocr_par' dir='ltr' id='par_1_24' title="bbox 825 3911 3602 3998">
     <span class='ocr_line' id='line_1_72' title="bbox 825 3911 3602 3998; baseline -0.002 -14"><span class='ocrx_word' id='word_1_373' title='bbox 825 3919 937 3984; x_wconf 76' lang='lat' dir='ltr'><strong>aiii</strong></span> <span class='ocrx_word' id='word_1_374' title='bbox 970 3916 1175 3983; x_wconf 71' lang='lat' dir='ltr'><strong>taedio</strong></span> <span class='ocrx_word' id='word_1_375' title='bbox 1220 3935 1415 3979; x_wconf 78' lang='lat' dir='ltr'><strong>novae</strong></span> <span class='ocrx_word' id='word_1_376' title='bbox 1448 3921 1669 3990; x_wconf 71' lang='lat' dir='ltr'><strong>curae,</strong></span> <span class='ocrx_word' id='word_1_377' title='bbox 1699 3911 1886 3998; x_wconf 80' lang='lat' dir='ltr'><strong>semel</strong></span> <span class='ocrx_word' id='word_1_378' title='bbox 1916 3911 2152 3996; x_wconf 78' lang='lat' dir='ltr'><strong>placita</strong></span> <span class='ocrx_word' id='word_1_379' title='bbox 2203 3934 2325 3995; x_wconf 81' lang='lat' dir='ltr'><strong>pro</strong></span> <span class='ocrx_word' id='word_1_380' title='bbox 2403 3912 2655 3996; x_wconf 70' lang='lat' dir='ltr'><strong>signis,</strong></span> <span class='ocrx_word' id='word_1_381' title='bbox 2706 3912 2819 3974; x_wconf 85' lang='lat' dir='ltr'><strong>etfi</strong></span> <span class='ocrx_word' id='word_1_382' title='bbox 2855 3915 3212 3975; x_wconf 77' lang='lat' dir='ltr'><strong>commatis</strong></span> <span class='ocrx_word' id='word_1_383' title='bbox 3246 3914 3602 3997; x_wconf 84' lang='lat' dir='ltr'><strong>peregrini.</strong></span> 
     </span>
    </p>
   </div>
   <div class='ocr_carea' id='block_1_22' title="bbox 782 4005 2328 4373">
    <p class='ocr_par' dir='ltr' id='par_1_25' title="bbox 782 4005 2327 4364">
     <span class='ocr_line' id='line_1_73' title="bbox 802 4005 2327 4098; baseline -0.006 -18"><span class='ocrx_word' id='word_1_384' title='bbox 802 4016 1092 4096; x_wconf 28' lang='lat' dir='ltr'><strong>‘aeternis</strong></span> <span class='ocrx_word' id='word_1_385' title='bbox 1115 4007 1460 4098; x_wconf 72' lang='lat' dir='ltr'><strong>seruavffe.</strong></span> <span class='ocrx_word' id='word_1_386' title='bbox 1530 4008 1788 4082; x_wconf 83' lang='lat' dir='ltr'><strong>Eadem</strong></span> <span class='ocrx_word' id='word_1_387' title='bbox 1823 4005 2190 4069; x_wconf 82' lang='lat' dir='ltr'><strong>constantia</strong></span> <span class='ocrx_word' id='word_1_388' title='bbox 2210 4006 2327 4071; x_wconf 90' lang='lat' dir='ltr'><strong>ob·</strong></span> 
     </span>
     <span class='ocr_line' id='line_1_74' title="bbox 782 4101 2326 4187; baseline -0.007 -13"><span class='ocrx_word' id='word_1_389' title='bbox 782 4131 787 4138; x_wconf 86' lang='grc'><em>·</em></span> <span class='ocrx_word' id='word_1_390' title='bbox 822 4109 1120 4174; x_wconf 87' lang='lat' dir='ltr'><strong>servatur</strong></span> <span class='ocrx_word' id='word_1_391' title='bbox 1161 4109 1230 4170; x_wconf 89' lang='lat' dir='ltr'><strong>in</strong></span> <span class='ocrx_word' id='word_1_392' title='bbox 1277 4102 1597 4187; x_wconf 83' lang='lat' dir='ltr'><strong>quinariis</strong></span> <span class='ocrx_word' id='word_1_393' title='bbox 1674 4101 1905 4165; x_wconf 77' lang='lat' dir='ltr'><strong>aureis</strong></span> <span class='ocrx_word' id='word_1_394' title='bbox 1967 4113 2137 4185; x_wconf 83' lang='lat' dir='ltr'><strong>typo</strong></span> <span class='ocrx_word' id='word_1_395' title='bbox 2177 4119 2326 4183; x_wconf 82' lang='lat' dir='ltr'><strong>per-</strong></span> 
     </span>
     <span class='ocr_line' id='line_1_75' title="bbox 822 4196 2328 4291; baseline -0.005 -26"><span class='ocrx_word' id='word_1_396' title='bbox 822 4217 1028 4291; x_wconf 87' lang='lat' dir='ltr'><strong>petuo</strong></span> <span class='ocrx_word' id='word_1_397' title='bbox 1073 4202 1419 4267; x_wconf 84' lang='lat' dir='ltr'><strong>Victoriae</strong></span> <span class='ocrx_word' id='word_1_398' title='bbox 1456 4197 1764 4260; x_wconf 83' lang='lat' dir='ltr'><strong>sedentis.</strong></span> <span class='ocrx_word' id='word_1_399' title='bbox 1869 4196 2184 4273; x_wconf 64' lang='lat' dir='ltr'><strong>Maionia</strong></span> <span class='ocrx_word' id='word_1_400' title='bbox 2216 4215 2328 4258; x_wconf 90' lang='lat' dir='ltr'><strong>ae·</strong></span> 
     </span>
     <span class='ocr_line' id='line_1_76' title="bbox 818 4291 2328 4373; baseline -0.007 -12.986"><span class='ocrx_word' id='word_1_401' title='bbox 818 4301 968 4362; x_wconf 82' lang='lat' dir='ltr'><strong>›neis</strong></span> <span class='ocrx_word' id='word_1_402' title='bbox 1010 4300 1362 4373; x_wconf 81' lang='lat' dir='ltr'><strong>varietas</strong></span> <span class='ocrx_word' id='word_1_403' title='bbox 1403 4293 1512 4358; x_wconf 86' lang='lat' dir='ltr'><strong>sed</strong></span> <span class='ocrx_word' id='word_1_404' title='bbox 1532 4292 1844 4358; x_wconf 80' lang='lat' dir='ltr'><strong>novimus</strong></span> <span class='ocrx_word' id='word_1_405' title='bbox 1881 4291 2135 4367; x_wconf 80' lang='lat' dir='ltr'><strong>etiam,</strong></span> <span class='ocrx_word' id='word_1_406' title='bbox 2187 4307 2328 4366; x_wconf 85' lang='lat' dir='ltr'><strong>mo-</strong></span> 
     </span>
    </p>
   </div>
   <div class='ocr_carea' id='block_1_23' title="bbox 816 4430 1228 4448">
    <p class='ocr_par' dir='ltr' id='par_1_26' title="bbox 816 4430 1228 4448">
     <span class='ocr_line' id='line_1_77' title="bbox 816 4430 1228 4448; baseline 0 1002"><span class='ocrx_word' id='word_1_407' title='bbox 816 4430 1228 4448; x_wconf 95' lang='lat' dir='ltr'><strong> </strong></span> 
     </span>
    </p>
   </div>
   <div class='ocr_carea' id='block_1_24' title="bbox 891 4494 2031 4574">
    <p class='ocr_par' dir='ltr' id='par_1_27' title="bbox 891 4494 2031 4574">
     <span class='ocr_line' id='line_1_78' title="bbox 891 4494 2031 4574; baseline -0.006 -21"><span class='ocrx_word' id='word_1_408' title='bbox 891 4501 949 4565; x_wconf 76' lang='lat' dir='ltr'><strong>a)</strong></span> <span class='ocrx_word' id='word_1_409' title='bbox 984 4499 1207 4567; x_wconf 74' lang='lat' dir='ltr'><strong>Foggini</strong></span> <span class='ocrx_word' id='word_1_410' title='bbox 1240 4517 1303 4574; x_wconf 80' lang='lat' dir='ltr'><strong>p,</strong></span> <span class='ocrx_word' id='word_1_411' title='bbox 1341 4511 1429 4564; x_wconf 74' lang='lat'><strong>28.</strong></span> <span class='ocrx_word' id='word_1_412' title='bbox 1567 4495 1626 4561; x_wconf 87' lang='lat' dir='ltr'><strong>b)</strong></span> <span class='ocrx_word' id='word_1_413' title='bbox 1667 4494 1881 4549; x_wconf 83' lang='lat' dir='ltr'><strong>Ann.1</strong></span> <span class='ocrx_word' id='word_1_414' title='bbox 1887 4540 1900 4553; x_wconf 87' lang='lat'><strong>.</strong></span> <span class='ocrx_word' id='word_1_415' title='bbox 1938 4506 2031 4558; x_wconf 77' lang='lat'><strong>80.</strong></span> 
     </span>
    </p>
   </div>
   <div class='ocr_carea' id='block_1_25' title="bbox 2557 4001 3928 4168">
    <p class='ocr_par' dir='ltr' id='par_1_28' title="bbox 2557 4001 3928 4167">
     <span class='ocr_line' id='line_1_79' title="bbox 2557 4001 3914 4072; baseline -0.002 -2"><span class='ocrx_word' id='word_1_416' title='bbox 2557 4047 2572 4052; x_wconf 99' lang='lat'>-</span> <span class='ocrx_word' id='word_1_417' title='bbox 2695 4007 2821 4070; x_wconf 87' lang='lat' dir='ltr'><strong>TI.</strong></span> <span class='ocrx_word' id='word_1_418' title='bbox 2860 4005 3228 4072; x_wconf 85' lang='lat' dir='ltr'><strong>CAESAR.</strong></span> <span class='ocrx_word' id='word_1_419' title='bbox 3271 4007 3488 4069; x_wconf 87' lang='lat' dir='ltr'><strong>DIVI.</strong></span> <span class='ocrx_word' id='word_1_420' title='bbox 3553 4006 3760 4072; x_wconf 83' lang='lat' dir='ltr'><strong>AVG.</strong></span> <span class='ocrx_word' id='word_1_421' title='bbox 3827 4001 3914 4069; x_wconf 83' lang='lat' dir='ltr'><strong>F.</strong></span> 
     </span>
     <span class='ocr_line' id='line_1_80' title="bbox 2699 4098 3928 4168; baseline 0.001 -5"><span class='ocrx_word' id='word_1_422' title='bbox 2699 4098 3430 4168; x_wconf 81' lang='lat' dir='ltr'><strong>AVGVSTVS.1MP.</strong></span> <span class='ocrx_word' id='word_1_423' title='bbox 3482 4102 3631 4166; x_wconf 83' lang='lat' dir='ltr'><strong>vn.</strong></span> <span class='ocrx_word' id='word_1_424' title='bbox 3679 4101 3754 4165; x_wconf 89' lang='grc' dir='ltr'><strong>Ρ.</strong></span> <span class='ocrx_word' id='word_1_425' title='bbox 3805 4102 3928 4164; x_wconf 75' lang='lat' dir='ltr'><strong>M.-</strong></span> 
     </span>
    </p>
   </div>
   <div class='ocr_carea' id='block_1_26' title="bbox 2408 4194 3921 4371">
    <p class='ocr_par' dir='ltr' id='par_1_29' title="bbox 2408 4194 3921 4356">
     <span class='ocr_line' id='line_1_81' title="bbox 2593 4194 3182 4279; baseline 0 -19"><span class='ocrx_word' id='word_1_426' title='bbox 2593 4253 2598 4260; x_wconf 91' lang='lat'><strong>.</strong></span> <span class='ocrx_word' id='word_1_427' title='bbox 2701 4195 2901 4279; x_wconf 78' lang='lat' dir='ltr'><strong>Caput</strong></span> <span class='ocrx_word' id='word_1_428' title='bbox 2933 4194 3182 4264; x_wconf 74' lang='lat' dir='ltr'><strong>nudum.</strong></span> 
     </span>
     <span class='ocr_line' id='line_1_82' title="bbox 2408 4288 3921 4371; baseline 0.003 -20"><span class='ocrx_word' id='word_1_429' title='bbox 2408 4289 2708 4357; x_wconf 82' lang='lat' dir='ltr'><strong>DIVVS.</strong></span> <span class='ocrx_word' id='word_1_430' title='bbox 2749 4288 3299 4371; x_wconf 83' lang='lat' dir='ltr'><strong>AVG.1MPER.</strong></span> <span class='ocrx_word' id='word_1_431' title='bbox 3340 4288 3921 4356; x_wconf 78' lang='lat' dir='ltr'><strong>OCTAVIA.Ca-</strong></span> 
     </span>
    </p>
   </div>
   <div class='ocr_carea' id='block_1_27' title="bbox 4198 0 4205 5410">
    <p class='ocr_par' dir='ltr' id='par_1_30' title="bbox 4198 0 4205 5410">
     <span class='ocr_line' id='line_1_83' title="bbox 4198 0 4205 5410; baseline 0 0"><span class='ocrx_word' id='word_1_432' title='bbox 4198 0 4205 5410; x_wconf 95' lang='lat' dir='ltr'><strong> </strong></span> 
     </span>
    </p>
   </div>
  </div>
 </body>
</html>
