4225 5450
614 2518 645 2531 ‚
772 2470 925 2514 cum
964 2451 1254 2514 Neronis
1297 2452 1521 2534 capite
1566 2450 1974 2532 percurrere,

1065 735 1336 800 NERO.
1356 732 1697 798 CLAVD.
1713 734 1931 798 DIVI.
1954 733 2284 801 CLAVD.

1072 831 1149 897 F.
1355 830 1630 914 -Caput
1674 830 2043 897 {dm-eatam.

778 927 932 991 Sim
961 924 1316 1010 epigraphe.
1452 926 1742 991 Victoria
1787 926 1977 1011 globo
2030 926 2291 1018 insistens

778 1024 976 1106 clypeo
1006 1020 1303 1107 inscribit.
1408 1019 1610 1101 Quin.
1667 1022 1872 1103 (Mus.
1922 1020 2146 1103 Caes.)

876 1117 1132 1179 Eadem
1166 1116 1409 1199 capitis
1448 1116 1816 1200 epigraphe
1852 1115 2063 1179 exstat
2081 1117 2289 1193 etiam

730 1232 745 1263 ··
774 1204 849 1275 in
884 1213 1218 1294 quinat-in,
1242 1230 1439 1295 quem
1480 1210 1678 1293 supra
1709 1213 1797 1274 ad
1838 1230 2085 1275 annum
2106 1214 2186 1275 V.
2213 1207 2288 1275 C.

772 1319 907 1381 -811
971 1307 1243 1390 protuli.

934 1449 941 1457 '
1344 1449 1375 1480 ss

1077 1495 1170 1560 Vt
1218 1494 1313 1560 tit.
1347 1494 1430 1558 K.

775 1592 941 1657 Sine·
971 1589 1330 1674 epigraphe.
1433 1586 1671 1675 Aquila
1720 1590 2070 1673 legionario
2123 1596 2288 1657 inter

776 1687 1103 1774 duofigna
1138 1680 1460 1748 militaria.
1560 1684 1707 1744 AR.
1761 1686 1963 1769 (Mus.
2014 1686 2236 1768 Caes.)

872 1781 1173 1844 Similem
1213 1778 1519 1840 aversam
1567 1778 1757 1842 dedit
1797 1781 2152 1846 Morellius
2185 1782 2282 1845 in-

775 1890 879 1940 ter
911 1861 1164 1939 aeneos
1199 1873 1287 1941 11.
1324 1870 1611 1938 formae.

2119 533 2502 612 NERO.

2365 737 2450 797 de
2489 755 2626 818 quo
2657 754 2862 800 numo
2904 735 3010 820 egi
3063 735 3261 821 supra
3289 736 3360 799 in
3410 736 3631 798 numia
3668 732 3862 818 vagis

2363 829 2479 893 sub
2524 832 2794 895 PONT.
2839 828 3055 903 MAx.
3204 885 3208 889 ,
3317 862 3326 873 .

2461 922 2763 988 HERCV
2774 925 2880 988 LI.
2894 923 3365 990 'AV'GVSTQ
3387 924 3870 1009 Ηενειιζιεβαω

2363 1023 2432 1083 in
2465 1020 2709 1085 modam
2767 1021 3078 1107 Eamfii,
3145 1020 3215 1084 in
3284 1022 3504 1084 numia
3554 1020 3866 1083 coloniae

2366 1114 2697 1181 Patrenfis
2741 1108 3066 1179 Achaiae.
3409 1142 3412 1149 ⁴

2465 1210 2721 1273 Neroni
2751 1213 2833 1274 V.
2899 1209 2975 1272 C.
3035 1221 3168 1282 821·
3209 1207 3387 1294 post
3465 1208 3760 1279 scenicas
3799 1206 3868 1268 in

2351 1303 2688 1371 Graecia·
2699 1306 3018 1368 victorias
3054 1283 3348 1369 Romam
3388 1303 3711 1391 regreil'm
3764 1321 3866 1364 ur·

2370 1398 2657 1482 bemque
2697 1399 3174 1482 triumphantis
3213 1420 3401 1462 more
3446 1401 3715 1461 invecto
3733 1398 3884 1475 non‘

2365 1497 2574 1557 modo
2633 1495 3096 1558 adclamatum
3177 1490 3310 1557 est:
3396 1493 3740 1556 NEROM
3776 1494 3873 1553 A·

2364 1589 2735 1653 POLLINI
2763 1637 2782 1667 ‚
2836 1609 3078 1673 nempe
3097 1610 3298 1673 quem
3338 1603 3536 1654 cantu
3559 1587 3870 1670 aequaffe

2367 1684 2648 1748 volebat
2669 1685 2897 1760 credi,
2927 1683 3037 1746 sed
3064 1688 3269 1747 etiam
3287 1683 3634 1748 NERONI
3657 1680 3869 1743 HER-

3365 1769 3429 1859 ι’)
3480 1775 3867 1839 Destinave·

3659 1870 3869 1934 solem

2369 1778 2602 1843 CVLI.
2656 1781 2719 1856 ⁸)
2772 1776 2866 1843 Δί
2913 1779 3313 1842 Suetonius:

2366 1887 2474 1940 rat
2509 1876 2716 1937 etiam
2737 1920 2756 1951 ,
2808 1876 2923 1957 qui
2953 1874 3340 1965 'Apollinem
3369 1882 3609 1948 cautu,

2278 2012 2282 2017 ·
2367 1971 2744 2054 aurigando
2817 1972 3266 2053 aequiparare
3330 1966 3812 2033 existimaretur
3845 2010 3870 2041 ‚

1057 2066 1258 2132 Numi
1305 2066 1625 2133 comatis
1662 2072 2009 2154 peregrimi.

870 2255 1140 2344 Copiofi
1170 2258 1315 2322 sunt
1350 2259 1537 2339 numi
1586 2277 1741 2321 cum
1783 2256 2051 2323 urbium
2110 2257 2277 2323 libe-0

770 2374 997 2421 rarum
1038 2400 1057 2431 ‚
1110 2366 1256 2417 tum
1306 2352 1770 2432 coloniarum,
1824 2375 2001 2437 quae
2036 2376 2278 2420 numos

2025 2471 2110 2513 ex
2133 2454 2276 2533 qui-

768 2545 1073 2609 bus=hoc
1153 2546 1309 2609 loco
1358 2544 1755 2607 memorabo
1814 2544 1990 2606 solos
2076 2547 2274 2622 illos,

771 2643 887 2726 qui
936 2642 1027 2704 ad
1065 2644 1203 2720 ejus
1239 2637 1585 2705 historiam
1669 2640 1833 2720 quid
1916 2639 2274 2717 adferunt,

768 2750 890 2799 aut
925 2755 1213 2819 quorum
1272 2736 1500 2817 patria
1557 2752 1808 2817 anceps
1874 2732 1983 2796 est.
2083 2736 2273 2798 Reli-

771 2848 943 2911 quos
975 2831 1044 2896 in
1093 2828 1492 2911 lingularum
1560 2827 2038 2906 urbium,.aut
2117 2851 2275 2916 pro·

775 2923 1152 2987 vinciarum
1188 2933 1465 2982 moneta
1493 2942 1759 3005 quaere.

870 3016 1076 3099 Cujus
1110 3016 1515 3078 memoriam
1561 3021 1809 3082 mortui
1883 3021 2073 3084 orbis
2135 3021 2275 3083 uni·

628 3125 647 3137 ·
769 3113 994 3178 versus
1036 3109 1391 3175 detestatus
1434 3109 1561 3189 est,
1622 3112 1780 3178 huic
1833 3117 2001 3179 vivo
2048 3119 2274 3180 vario-

684 3269 689 3278 ,
771 3221 922 3271 rum
975 3209 1254 3270 deorum
1318 3207 1653 3285 honoreS,
1726 3223 1795 3273 et
1837 3213 2115 3276 nomina
2161 3215 2274 3275 de-

776 3303 991 3366 tulere
1032 3301 1321 3386 Graeci,
1384 3302 1677 3387 nesciae,
1752 3327 1840 3371 an
1908 3304 2275 3372 domestica

777 3399 1210 3474 adulatione,
1263 3419 1350 3460 an
1400 3409 1473 3460 ut
1525 3400 1807 3483 objectis
1857 3406 2274 3467 reverentiae

775 3493 989 3558 titulis
1021 3494 1206 3556 velut
1241 3492 1432 3556 sacra
1484 3494 1631 3559 esca
1679 3499 2032 3583 placarent
2086 3520 2274 3564 mon-

686 3661 699 3688 *
778 3585 999 3654 strum.
1098 3588 1365 3652 Eccos&

872 3683 1111 3749 ZCTC.
1156 3684 1695 3752 GACTGCPIOC
1741 3689 1987 3752 dicitur
2033 3691 2101 3752 in
2164 3711 2278 3755 nu·

775 3779 905 3842 mis
945 3773 1323 3864 Magnefiae
1348 3779 1610 3861 Lydiae
1639 3783 1725 3844 ad
1765 3783 2071 3869 Sipylum
2098 3781 2318 3870 ap'ud

780 3873 1240 3950 Pellerinium‚
1292 3874 1488 3956 (Rec.
1516 3876 1638 3939 111.
1680 3898 1746 3960 p.
1776 3881 1974 3963 234.)
2028 3894 2094 3944 et
2102 3902 2280 3964 quo·

779 3989 929 4032 rum
973 3967 1242 4032 similem
1286 3971 1424 4032 vidi
1470 3971 1538 4032 in
1580 3973 1802 4036 museo
1853 3977 1949 4038 iu.
1993 3975 2189 4041 Com.
2242 3998 2286 4040 a

781 4066 1034 4131 Vitzai.
1096 4066 1288 4145 ,Ejus
1326 4067 1659 4128 rationem
1706 4071 1863 4130 vide
1946 4070 2142 4155 supra
2221 4076 2287 4135 in

783 4161 1008 4223 numia
1040 4161 1233 4246 vagis
1266 4159 1414 4224 sub:
1464 4162 1887 4227 IVPPITER
1928 4165 2288 4230 LIBERA-

882 4344 1200 4462 NEszN.
1244 4354 1703 4429 ΑΠΟΛΛΩΝ,
1754 4353 1937 4417 urbis
1972 4356 2293 4434 incertae,

2363 2065 2620 2129 imitari
2655 2077 2722 2126 et
2756 2064 3064 2128 Herculis
3093 2064 3306 2143 facta,
3358 2074 3868 2149 praeparatum·
3895 2104 3903 2111 ι

2365 2180 2495 2242 que
2542 2160 2809 2223 leonem
2896 2163 3118 2241 ajunt,
3169 2180 3373 2242 quem
3435 2158 3546 2221 vel
3627 2157 3868 2232 clava,

2366 2255 2478 2318 vel
2515 2254 2946 2331 brachiorum
2995 2255 3280 2319 nexibus
3325 2258 3395 2317 in
3438 2251 3861 2337 amphithea-

2364 2352 2449 2412 taei
2484 2347 2691 2414 arena
2728 2351 3065 2436 spectante
3099 2350 3356 2433 populo
3399 2349 3698 2410 elideret.

2463 2448 2648 2510 Τω.
2725 2447 3104 2511 chHPl.
3161 2446 3368 2510 THC.
3439 2440 3866 2508 ΟΙΚΟΤΜΕ-

2361 2543 2560 2606 NHC.
2597 2540 2679 2602 L.
2719 2541 2981 2605 ΕΝΑΓ.
3016 2545 3190 2604 intra
3233 2540 3528 2604 lauream.
3626 2537 3769 2601 AF..
3809 2539 3866 2598 Ι.

2363 2637 2674 2720 (Morelli
2715 2638 2933 2720 Impp.
3001 2637 3085 2698 T.
3148 2634 3230 2699 IL
3283 2655 3350 2719 p.
3429 2644 3581 2697 ιὀ2.
3643 2631 3862 2716 Span-

2359 2733 2540 2806 heim
2581 2735 2661 2795 Τ.
2698 2733 2784 2794 ΙΙ.
2825 2753 2889 2816 p.
2917 2730 3126 2832 500.)

2463 2829 2591 2890 Hic
2629 2848 2868 2892 numus
2901 2827 2946 2891 a
2982 2827 3276 2892 laudatis
3313 2825 3704 2890 auctoribus
3722 2841 3863 2887 cre-

2365 2926 2548 2990 ditur
2585 2927 3000 3009 AegyptiuS,
3067 2924 3178 2986 sed
3234 2923 3556 2986 obturbat
3637 2919 3870 2982 forma

2364 3022 2714 3084 literarum
2774 3023 2821 3086 C
2866 3035 2933 3083 et
2986 3024 3117 3096 ω,
3189 3039 3363 3102 quae
3425 3020 3493 3080 in
3554 3023 3868 3101 Aegypto

2365 3117 2496 3179 hac
2532 3129 2759 3180 aetate
2813 3118 3110 3180 nondum
3154 3116 3392 3178 valuit.
3513 3111 3866 3217 Inscriptio

2367 3226 2666 3277 veterem
2715 3211 3125 3275 aduiationis
3192 3210 3597 3274 cantilenam
3655 3204 3868 3268 conti-

2365 3321 2536 3374 net.
2601 3309 2781 3374 Nam
2816 3322 2882 3370 et
2921 3302 3243 3388 Augustus
3280 3306 3522 3382 dicitur
3553 3304 3624 3365 in
3649 3297 3868 3363 numia

2367 3405 2599 3471 Salus
2614 3403 2868 3488 generis
2900 3401 3201 3477 humani,
3255 3413 3322 3463 et
3355 3402 3537 3463 idem
3595 3417 3639 3461 a
3693 3397 3867 3459 Pro-

2367 3503 2585 3587 pertio
2633 3500 2846 3565 mundi
2855 3498 3173 3586 servator
3225 3502 3282 3573 )

2919 3645 2950 3678 ἡ
3161 3642 3167 3646 “
3241 3642 3305 3675 'ae

2463 3693 2667 3755 Numi
2732 3711 3000 3776 quoque
3080 3690 3400 3773 Aegyptii
3471 3688 3871 3754 memoriam

2372 3785 2647 3851 stolidae
2686 3789 2823 3867 ejus
2865 3790 2932 3848 in
2973 3784 3331 3851 Graeciam
3386 3786 3864 3895 profectionis,

2373 3897 2440 3946 et
2478 3897 2906 3967 peractorum
2939 3882 3032 3943 ibi
3073 3880 3510 3944 certamimnn
3553 3883 3621 3943 in
3658 3880 3874 3965 gentis

2371 3981 2726 4041 Romanae
2814 3977 3256 4062 opprobrium
3370 3978 3873 4040 conservavere.

2378 4073 2593 4138 Lubet
2633 4073 3006 4146 recensere,
3059 4075 3172 4156 qui
3207 4072 3337 4136 huc
3373 4075 3724 4156 pertinent.

2472 4168 3215 4240 ΣΕΒΛΣΤΟΦΟΡΟΣ.
3311 4169 3392 4233 L.
3488 4171 3592 4232 ΙΓ.
3641 4166 3870 4231 Navis.

2378 4263 2688 4349 (Morelli
2712 4307 2733 4338 ‚
2785 4262 3129 4347 Theupoli
3154 4310 3174 4338 ‚
3226 4262 3563 4347 Arigoni.)

2474 4356 2582 4420 Est
2609 4358 2779 4420 haec
2808 4355 3046 4420 infelix
3069 4357 3234 4420 illud
3264 4356 3875 4440 vehiculum,*quo‹1

820 4493 3843 4527 ,Ἣ

782 4615 792 4628 ,
860 4554 918 4623 a)
952 4554 1064 4611 Dio
1095 4558 1163 4614 L·
1196 4560 1411 4623 Lxm.
1445 4564 1478 4641 S
1515 4579 1604 4625 20,
1790 4563 1852 4634 b)
1890 4551 2029 4637 Cap.
2058 4584 2150 4637 53.

2344 4553 2500 4638 011..
2535 4571 2656 4632 lv..
2677 4559 2809 4643 eleg.
2846 4572 2950 4628 IV.
2986 4590 3039 4625 v.
3072 4573 3162 4641 37'.
